2528 4042
352 177 437 232 XXV.
456 176 619 233 armeus.
648 182 761 234 14-16.
999 180 1062 245 109

147 321 252 388 Nemo
267 322 303 387 in
316 321 464 388 convivio
478 322 547 387 eius
561 322 649 387 aliud
663 345 813 388 acroama
828 325 952 390 audivit
966 347 1063 408 quam
1074 325 1116 390 14

58 415 270 496 anagnosten,
294 410 380 493 quod
401 431 461 475 nos
485 410 615 493 quidem
637 411 904 477 iucundissimum
927 414 1063 478 arbitra

57 519 289 653 aaran
302 518 458 651 Ι1111
475 499 969 671 carantanae}
990 524 1064 654 {n

293 636 302 668 1

57 676 151 740 vivae
191 674 445 738 delectarentur:
480 696 619 758 namque
652 697 707 740 eos
738 676 894 760 vocabat,
927 693 1099 760 quoruma

57 784 167 829 mores
190 784 210 826 a
238 762 305 827 suis
330 783 398 826 non
424 761 644 828 abhorrerent
689 786 762 829 cum
789 768 883 829 tanta
909 765 1063 848 pecuniae

57 853 149 918 facta
171 854 258 914 essct
278 850 428 936 accessio,
450 851 533 915 nihil
552 851 590 914 de
609 852 788 917 cottidiano
807 853 897 918 cultu
916 852 1065 935 mutavit,

57 939 142 1006 nihil
166 939 205 1002 de
227 938 313 1002 vitae
336 938 581 1020 consuetudine,
607 943 763 1023 tantaque
785 962 864 1006 usus
887 946 937 1006 est
959 941 1066 1006 mode·

60 1027 204 1110 ratione,
232 1030 270 1090 nt
291 1047 395 1109 neque
418 1026 453 1090 in
480 1026 632 1090 sestertio
659 1027 794 1111 viciens,
822 1030 908 1112 quod
930 1032 1065 1113 epatre

60 1118 241 1199 acceperat,
268 1135 384 1197 parum
411 1134 446 1178 se
473 1113 638 1196 splendide
666 1117 805 1199 gesserit
831 1138 935 1200 neque
962 1117 998 1182 in
1020 1138 1066 1182 se

61 1204 178 1270 startio
208 1202 351 1267 centiens
380 1200 551 1266 afluentius
578 1202 708 1287 vixerit,
741 1225 838 1287 quam
869 1206 1066 1289 instituerat,

60 1292 196 1377 parique
223 1289 358 1375 fastigio
386 1290 516 1354 steterit
541 1290 577 1355 in
602 1295 740 1374 utraque
772 1292 913 1357 fortuna.
958 1295 1101 1359 nullose

60 1380 178 1445 habuit
209 1379 340 1462 hortos,
371 1378 496 1442 nullam
527 1379 747 1444 suburbanam
779 1385 837 1446 aut
868 1382 1066 1446 maritimam

61 1472 288 1552 sumptuosam
315 1465 439 1551 villam,
465 1488 569 1550 neque
597 1467 632 1531 in
654 1467 765 1553 Italia,
791 1474 922 1553 praeter
943 1470 1067 1534 Arreti·

60 1578 141 1622 num
163 1559 197 1620 et
219 1553 476 1638 Nomentanum,
503 1555 661 1619 rusticum
688 1557 870 1640 praedium,
898 1558 1067 1641 omnisque

63 1646 133 1710 eins
159 1642 313 1727 pecuniae
341 1642 464 1706 reditus
492 1642 664 1706 constabat
691 1643 725 1706 in
751 1642 929 1727 Epiroticis
957 1648 990 1708 et
1016 1666 1068 1707 ur·

62 1731 160 1796 banis
186 1729 453 1813 possessionibus.
498 1751 536 1793 ex
564 1751 627 1812 quo
656 1732 808 1816 cognosci
830 1735 946 1815 'potest
972 1753 1067 1796 usum

67 1839 142 1969 eulrp
171 1819 323 1900 pecuniae
353 1839 420 1882 non
451 1818 687 1902 magnitudine,
719 1819 775 1882 sed
805 1820 930 1884 ratione
959 1820 1068 1883 metiri

69 1927 107 1971 so
122 1905 208 1970 ‘tum

152 1990 356 2059 Mendacium
386 2015 490 2077 neque
521 1994 650 2059 dicebat
684 2015 788 2078 neque
824 1997 894 2080 pati
929 2000 1068 2080 poterat.
1080 1993 1120 2060 15

64 2083 175 2166 itaque
204 2082 273 2147 cius
301 2083 437 2147 comitas
465 2104 532 2148 non
559 2084 629 2148 sine
660 2084 833 2149 severitate
863 2089 934 2150 erat
965 2107 1068 2169 neque

64 2171 210 2256 gravitas
243 2170 311 2234 sine
342 2170 514 2256 facilitate,
545 2176 584 2235 ut
615 2170 745 2236 difficile
774 2177 860 2236 esset
892 2173 1069 2257 intellectu,

63 2263 176 2324 utrum
195 2279 268 2322 eum
286 2259 382 2323 amici
400 2259 505 2342 magis
524 2262 712 2323 vererentur
731 2280 772 2322 an
790 2265 947 2324 amarent.
980 2261 1069 2343 quid·

65 2348 143 2431 quid
165 2347 353 2431 rogabatur,
376 2345 527 2429 religiose
549 2346 773 2430 promittebat,
797 2347 882 2429 quod
904 2368 970 2411 non
992 2348 1069 2412 liba

64 2435 164 2518 rales,
194 2434 249 2499 sed
272 2435 359 2498 leves
382 2433 604 2498 arbitrabatur
625 2433 772 2517 polliceri
796 2435 881 2517 quod
903 2438 1069 2517 praestare

64 2544 132 2588 non
153 2526 296 2605 possent.
332 2522 417 2586 idem
435 2523 470 2585 in
492 2523 639 2606 tenendo,
662 2522 748 2604 quod
771 2523 870 2586 semcl
894 2523 1069 2608 annuisset,
1087 2538 1103 2586 2

65 2615 161 2676 tanta
184 2615 253 2674 erat
276 2631 362 2694 cura,
383 2613 422 2673 ut
443 2631 509 2674 non
531 2611 727 2693 mandatam,
750 2611 806 2674 sed
829 2632 921 2675 suam
939 2632 1008 2675 rem
1025 2612 1070 2676 vi·

66 2699 199 2764 deretur
225 2718 329 2784 agere.
373 2719 550 2780 numquam
578 2698 720 2782 suscepti
746 2699 872 2783 negotii
899 2720 973 2764 eum
999 2722 1069 2783 per·

67 2791 195 2851 taesum
218 2790 282 2850 est:
314 2807 406 2850 suam
436 2786 522 2849 enim
545 2786 819 2851 existimationem
840 2787 876 2851 in
899 2809 937 2852 ea
958 2809 993 2852 re
1016 2788 1070 2872 agi

67 2874 215 2958 putabat,
238 2895 302 2956 qua
323 2874 405 2938 nihil
427 2873 570 2938 habebat
593 2874 708 2938 carius.
745 2896 808 2957 quo
831 2876 932 2939 fiebat
949 2879 987 2939 ut
1005 2890 1104 2939 ome

66 2962 122 3027 nia
145 2960 347 3044 Ciceronum,
368 2960 411 3024 M.
430 2960 573 3045 Catonis,
596 2961 633 3036 Q.
651 2961 829 3046 Hortensii,
850 2962 889 3025 A.
904 2961 1070 3044 Torquati,

68 3051 247 3115 multorum
265 3053 431 3132 praeterea
450 3050 595 3133 equitum
609 3049 830 3115 Romanorum
848 3050 982 3134 negotia
998 3071 1070 3133 pro

68 3141 206 3203 curaret.
238 3159 277 3201 ex
291 3158 354 3220 quo
373 3137 509 3203 iudicari
526 3142 636 3222 potest
648 3159 714 3202 non
732 3137 858 3220 inertia,
877 3137 933 3201 sed
951 3137 1070 3202 iudicio

68 3225 192 3312 fugisse
216 3225 263 3288 rei
285 3223 433 3308 publicae
456 3227 725 3308 procurationem.

157 3312 380 3378 Humanitatis
404 3333 479 3376 vero
502 3315 627 3378 nullum
650 3312 763 3376 afferre
791 3312 895 3376 maius
925 3313 1071 3378 testimo
1082 3312 1123 3378 16

68 3402 160 3467 nium
181 3422 324 3486 possum,
347 3421 444 3482 quam
463 3401 548 3482 quod
566 3402 752 3466 adulescens
771 3401 857 3465 idem
876 3401 944 3464 seni
962 3399 1071 3466 Sullae

70 3489 134 3554 fuit
156 3488 419 3574 iucundissimus,
449 3508 545 3552 senex
568 3488 765 3554 adulescenti
788 3487 831 3553 M.
854 3487 971 3574 Bruto,
998 3511 1072 3554 cum
