2528 4042
206 189 249 253 52
523 187 596 243 XIV.
614 187 795 244 DATAMES.
823 192 847 243 ὅ.
867 197 891 244 6.

207 332 392 417 amicitiam,
415 354 546 397 manum
565 337 740 419 comparat,
758 335 855 398 urbes
874 335 1015 400 munitas
1034 335 1103 400 suis
1120 340 1213 401 tuon-

148 457 149 461 =
206 423 263 484 das
287 421 397 485 tradit.

172 509 192 573 6
295 507 358 575 Sed
375 510 456 575 haec
473 514 608 594 propter
625 510 763 574 hiemale
782 515 912 593 tempus
931 511 1036 577 minus
1054 534 1213 597 prospere

205 599 431 682 procedebant.
472 598 562 661 audit
584 597 711 661 Pisidas
735 599 892 680 quosdam
916 601 1026 683 copias
1056 602 1212 667 adversus

207 709 241 751 se
264 710 386 772 parare.
425 686 529 749 filium
552 707 590 750 eo
612 683 806 749 Arsidaeum
829 708 903 750 curn
926 689 1069 754 exercitu
1091 691 1213 776 mittit3

207 776 294 841 cadit
316 777 351 840 in
367 773 491 858 proelio
511 772 706 837 adulescens.
737 774 958 857 proficiscitur
976 798 1014 842 eo
1032 780 1128 862 pater
1145 801 1214 844 non

206 865 254 930 ita
277 884 395 947 magna
418 883 490 925 cum
513 882 625 945 manu,
652 862 774 946 celans,
802 866 960 946 quantum
983 865 1101 930 vulnus
1125 888 1213 933 acce

207 953 318 1037 pisset‚
337 949 421 1033 quod
438 949 529 1032 prius
548 950 589 1014 ad
605 949 736 1014 hostem
748 950 915 1034 pervenire
930 953 1091 1040 cupiebat,
1115 977 1214 1038 quam

207 1040 245 1104 de
268 1038 352 1101 male
374 1059 409 1102 re
432 1040 525 1122 gesta
547 1038 635 1102 fama
653 1038 693 1102 ad
712 1060 788 1104 suos
805 1040 998 1124 perveniret,
1020 1062 1060 1106 ne
1079 1045 1215 1128 cognita

172 1126 266 1193 afilii
288 1128 393 1190 morte
417 1125 517 1190 animi
540 1126 788 1192 debilitarentur
811 1127 961 1192 militum.
998 1150 1062 1212 quo
1082 1135 1214 1198 conten·

207 1215 313 1298 derat,
343 1214 491 1298 pervenit
522 1214 626 1298 iisque
653 1215 734 1280 locis
762 1219 870 1281 castra
901 1216 1008 1301 ponit,
1038 1221 1077 1282 ut
1108 1241 1215 1304 neque

208 1302 371 1368 circumiri
394 1303 602 1366 multitudine
625 1303 883 1368 adversariorum
900 1309 1014 1388 posset
1031 1329 1136 1391 neque
1155 1309 1215 1374 im-

207 1392 320 1475 pediri,
343 1391 515 1475 quominus
537 1391 607 1474 ipse
630 1391 671 1454 ad
688 1390 905 1455 dimicandum
926 1415 1058 1458 manum
1075 1395 1216 1463 haberet

173 1500 189 1548 s
208 1480 399 1565 expeditam.
444 1482 514 1544 erat
536 1499 609 1543 cum
632 1500 670 1543 eo
693 1477 986 1563 Mithrobarzanes,
1014 1503 1106 1546 socer
1134 1485 1216 1571 eius,

207 1568 391 1655 praefectus
423 1568 577 1652 equitum.
626 1567 656 1630 is
688 1566 866 1649 desperatis
898 1567 1010 1651 generi
1041 1570 1138 1634 rebus
1173 1574 1216 1638 ad

207 1659 320 1723 hostes
343 1655 530 1741 transfugit.
573 1654 607 1719 id
629 1653 786 1720 Datames
807 1657 846 1718 nt
874 1655 1012 1739 audivit,
1039 1658 1163 1745 sensit,
1185 1663 1217 1724 si

208 1748 243 1811 in
269 1748 400 1811 turbam
427 1745 547 1809 exisset
574 1745 614 1808 ab
641 1742 773 1808 homine
800 1746 869 1807 tam
895 1744 1076 1810 necessario
1100 1768 1134 1810 se
1164 1769 1216 1812 re-

208 1836 332 1917 lictum,
354 1832 500 1897 futurum
522 1835 561 1895 ut
583 1832 683 1897 ceteri
700 1833 780 1896 adera
798 1831 969 1896 consilium
989 1839 1217 1922 sequerentur3

174 1925 311 2001 sitaque
332 1921 367 1983 in
389 1920 506 2002 vulgus
530 1919 597 1982 edit
620 1941 678 1984 suo
708 1919 799 1983 iussu
822 1917 1119 1986 Mithrobarzanem
1141 1946 1217 2007 pro-

208 2009 330 2071 fectum
351 2027 411 2089 pro
434 2005 583 2089 perfuga,
607 2026 671 2088 quo
693 2005 820 2070 facilius
844 2011 993 2091 receptus
1016 2010 1216 2078 interficeret

208 2096 334 2160 hostes:
366 2115 464 2176 quare
496 2092 636 2175 relinqui
663 2115 737 2157 eum
763 2115 823 2176 par
849 2116 915 2158 non
943 2118 1012 2161 asse
1040 2102 1074 2163 et
1102 2121 1215 2166 omnes

210 2181 382 2248 confestim
405 2181 505 2265 sequi.
541 2180 627 2263 quod
646 2181 674 2246 si
692 2181 800 2245 animo
825 2185 957 2248 strenuo
980 2183 1143 2271 fecissent,
1167 2188 1215 2253 fu·

209 2277 320 2337 turum
345 2274 385 2334 ut
411 2269 586 2335 adversarii
616 2290 684 2334 non
713 2274 849 2354 possent
879 2272 1046 2357 resistere,
1079 2297 1153 2340 cunr
1182 2281 1215 2342 et

176 2362 298 2427 5intra
329 2360 451 2425 vallum
478 2362 512 2423 et
542 2357 622 2423 foris
655 2359 871 2423 caederentur.
914 2360 977 2426 hac
1008 2384 1043 2427 re
1074 2365 1215 2447 probata

211 2449 388 2515 exercitum
419 2447 544 2530 educit,
575 2445 871 2512 Mithrobarzanem
901 2451 1125 2536 persequitur,
1156 2454 1215 2537 'qui

211 2542 340 2601 tantum
354 2536 440 2619 quod
458 2535 498 2600 ad
516 2535 627 2600 hostes
645 2539 844 2620 pervenerat,
862 2557 930 2602 cum
943 2536 1099 2604 Datames
1120 2541 1232 2628 signa

176 2643 192 2689 c
210 2624 323 2689 inferri
345 2624 445 2688 iubet.
480 2623 609 2688 Pisidae
630 2646 715 2688 nova
737 2646 772 2689 re
795 2625 949 2689 commoti
971 2626 1006 2689 in
1029 2628 1214 2711 opinionem

211 2713 412 2778 adducuntur
437 2710 590 2796 perfugas
618 2713 704 2776 mala
730 2713 792 2776 fide
820 2713 1064 2797 compositoque
1087 2716 1215 2804 fecisse,

210 2806 249 2866 ut
271 2799 392 2883 recepti
416 2799 532 2863 maiori
554 2804 663 2864 essent
682 2800 870 2866 calamitati.
906 2802 1047 2885 primum
1066 2826 1121 2871 eos
1141 2807 1216 2872 adc-

211 2890 347 2954 riuntur.
379 2888 428 2951 illi
447 2909 529 2972 cum,
548 2888 625 2971 quid
643 2893 794 2974 ageretur
812 2891 869 2951 aut
887 2911 985 2972 quare
1004 2892 1106 2977 fieret,
1124 2893 1215 2980 igno-

210 2982 334 3062 rarent,
362 2976 465 3041 coacti
493 2979 569 3040 sunt
592 2998 664 3041 cum
686 2977 727 3040 iis
753 2997 911 3062 pugnare,
934 2979 975 3043 ad
1002 3002 1082 3064 quos
1110 2985 1216 3048 trans-

212 3068 326 3150 ierant,
348 3066 388 3129 ab
411 3065 515 3147 iisque
542 3068 637 3150 stare,
661 3086 741 3148 quos
764 3065 976 3148 reliquerant:
1000 3069 1116 3151 quibus
1141 3093 1215 3137 cum

178 3155 320 3220 tneutri
342 3157 521 3237 parcerent,
544 3153 692 3216 celeriter
714 3158 790 3217 sunt
809 3156 937 3220 concisi.
973 3157 1115 3240 reliquos
1134 3158 1216 3224 Pisi·

213 3245 270 3308 das
294 3243 481 3307 resistentes
499 3241 654 3306 Datames
677 3241 814 3307 invadit:
835 3244 941 3326 primo
965 3245 1089 3327 impetu
1111 3248 1216 3332 pellit,

213 3332 375 3416 fugientes
393 3330 606 3414 persequitur,
625 3329 745 3394 multos
763 3331 927 3417 interficit,
946 3336 1052 3397 castra
1069 3334 1216 3401 hostium

179 3420 310 3502 ecapit.
355 3419 416 3483 tali
443 3419 577 3484 consilio
604 3439 668 3482 uno
696 3422 842 3504 tempore
870 3423 903 3484 et
932 3421 1115 3503 proditores
1146 3447 1217 3509 per·

215 3507 294 3570 culit
312 3511 346 3572 et
363 3507 476 3573 hostes
493 3506 688 3592 profligavit,
711 3511 753 3591 et,
772 3508 857 3591 quod
876 3507 916 3572 ad
933 3509 1108 3591 perniciem
1123 3533 1216 3579 suam
