2528 4042
411 163 496 218 XXV.
514 161 675 218 11110111.
704 170 745 218 11.
767 169 806 218 11.
1051 164 1115 228 107

113 304 298 391 Serviliam,
329 305 426 370 Bruti
457 310 608 393 matrem,
639 329 706 372 non
737 309 843 373 minus
874 313 951 392 post
978 313 1118 374 mortem

112 393 184 459 eius
212 416 309 477 quam
336 395 505 459 florentem
534 395 679 460 coluerit.
725 397 772 461 sic
798 397 995 462 liberalitate
1022 402 1152 462 utenss

110 482 219 548 nullas
241 482 429 547 inimicitias
453 484 569 568 gessit,
599 485 686 567 quod
711 505 815 568 neque
838 485 987 549 laedebat
1010 508 1118 569 quem·

111 592 211 654 quam
233 591 351 654 neque,
375 571 404 635 si
426 592 523 654 quam
546 572 699 636 iniuriam
723 577 904 657 acceperat,
933 594 999 637 non
1021 574 1118 638 male

110 659 171 724 bat
194 658 344 724 oblivisci
367 681 465 742 quam
487 659 609 725 ulcisci.
651 660 737 725 idem
760 661 939 726 immortali
962 662 1118 726 memoria

110 751 267 832 percepta
289 746 451 812 retinebat
474 748 643 834 beneficia,
670 771 752 832 quae
776 753 885 814 autem
907 750 976 834 ipse
999 748 1118 813 tribue·

111 839 178 920 rat,
203 838 272 899 tam
296 836 350 900 diu
373 835 578 920 meminerat,
607 839 713 919 quoad
735 837 790 902 ille
814 841 928 923 gratus
952 841 1035 921 erat,
1062 837 1118 920 qui

111 926 291 1008 acceperat.
331 924 441 1008 itaque
464 924 518 988 hic
548 924 627 988 fecit
655 929 693 989 ut
715 947 788 990 vere
812 926 934 991 dictum
956 926 1117 990 videatur:
1136 943 1152 990 o

175 1044 234 1112 Sui
256 1043 371 1130 cuique
394 1067 501 1111 mores
524 1043 655 1130 fingunt
677 1046 843 1113 fortunam
864 1049 1061 1114 hominibus.

111 1209 216 1290 neque
239 1191 350 1252 tamen
372 1187 427 1251 ille
450 1187 540 1288 prius
563 1185 729 1252 fortunam
752 1210 850 1271 quam
872 1210 907 1254 se
927 1190 996 1272 ipse
1014 1190 1118 1274 finxit,

112 1276 169 1360 qui
192 1276 280 1340 cavit
302 1297 343 1339 ne
366 1296 429 1358 qua
451 1275 486 1340 in
508 1297 542 1340 re
565 1275 634 1339 iure
656 1276 862 1359 plecteretur

200 1363 263 1428 His
286 1363 389 1448 igitur
411 1363 507 1427 rebus
532 1361 638 1428 effecit
655 1367 693 1428 ut
678 1362 754 1429 t.M
769 1363 946 1467 Vipsanius
960 1364 1117 1452 Agrippa,
1130 1367 1170 1432 12

111 1453 230 1518 intima
261 1451 468 1516 familiaritat
417 1454 486 1516 tate
520 1452 711 1517 coniunctus
748 1453 946 1519 adulescenti
919 1453 1118 1540 trCaesari,

112 1563 187 1607 cum
222 1544 357 1624 propter
388 1561 480 1603 suam
509 1540 651 1625 gratiam
687 1545 721 1604 et
753 1540 900 1606 Caesaris
936 1544 1117 1624 potentiam

111 1629 235 1695 nullius
264 1627 461 1694 condicionis
490 1649 556 1692 non
582 1627 717 1691 haberet
743 1632 955 1711 potestatem,
988 1630 1118 1712 potissi·

112 1738 206 1782 mum
225 1715 292 1780 eius
309 1716 465 1800 deligeret
488 1714 682 1779 affinitatem
703 1720 974 1800 praeoptaretque
998 1716 1117 1799 equitis

113 1802 256 1868 Romani
286 1803 386 1869 liliam
418 1824 648 1888 generosarum
683 1803 815 1887 nuptiis.
870 1807 967 1888 atque
1001 1805 1152 1868 hamma

115 1890 301 1974 nuptiarum
329 1891 520 1957 conciliator
546 1890 609 1956 fuit
637 1888 716 1976 (non
742 1895 793 1956 est
820 1891 906 1956 enim
935 1891 1116 1979 celandum)

113 1978 158 2044 Μ.
181 1977 357 2064 Antonius,
389 1979 595 2044 triumvirum
627 1979 675 2043 rei
705 1980 854 2063 publicae
885 1981 1117 2046 constituendae.

113 2067 205 2133 euius
223 2068 331 2152 gratia
349 2089 423 2132 cum
442 2088 560 2154 augere
577 2068 799 2152 possessiones
817 2074 929 2154 posset
945 2090 1030 2154 suas,
1048 2074 1117 2134 tan·

111 2161 184 2221 tum
208 2155 291 2220 afuit
313 2178 333 2220 a
355 2156 533 2239 cupiditate
555 2157 723 2242 pecuniae,
752 2157 903 2222 utnulla
924 2157 960 2222 in
981 2179 1016 2222 11
1038 2180 1116 2222 usus

112 2244 158 2310 sit
181 2265 219 2308 ea
241 2243 306 2308 nisi
328 2242 364 2308 in
385 2245 593 2327 deprecandis
617 2245 794 2309 amicorum
813 2248 871 2308 aut
888 2244 1041 2327 periculis
1059 2250 1117 2309 aut

111 2331 335 2398 incommodis.
370 2333 456 2415 quod
475 2332 604 2415 quidem
623 2332 682 2395 sub
701 2332 773 2414 ipsa
794 2332 1032 2414 proscriptione
1047 2353 1116 2415 per·
1134 2349 1151 2396 3

111 2421 239 2486 illustre
275 2419 347 2484 fuit.
401 2442 478 2485 nam
508 2441 581 2484 cum
608 2417 644 2483 I.
673 2417 782 2484 Saufei
815 2419 934 2502 equitis
968 2418 1116 2504 Romani,

111 2509 257 2592 aequalis
276 2508 336 2592 sui,
359 2508 415 2592 qui
434 2507 614 2592 complures
633 2529 734 2572 annos
753 2506 860 2571 studio
880 2507 995 2572 ductus
1012 2507 1116 2591 philo·

111 2597 246 2681 sophias
272 2596 446 2661 habitabat
467 2594 606 2660 Athenis
633 2595 838 2679 habebatque
865 2595 900 2659 in
922 2593 1020 2660 Italia
1046 2618 1116 2680 pre·

111 2686 215 2750 tiosas
237 2685 467 2769 possessiones,
490 2684 619 2748 tresviri
641 2685 727 2749 bona
749 2683 967 2748 vendidissent
985 2705 1116 2749 consue·

111 2774 223 2838 tudine
238 2793 285 2857 ea,
303 2795 367 2856 qua
385 2778 456 2837 tum
475 2793 526 2837 111
547 2772 751 2856 gerebantur,
769 2770 873 2837 Attici
887 2772 998 2837 labore
1017 2777 1115 2855 atque

111 2861 272 2926 industria
294 2861 418 2926 factum
441 2865 492 2926 est
514 2863 552 2924 ut
574 2860 686 2924 eodem
707 2861 822 2925 nuntio
852 2859 999 2925 Saufeius
1022 2861 1115 2924 fieret

111 2950 231 3014 certior
254 2971 288 3014 se
310 2949 543 3032 patrimonium
562 2948 709 3013 amisisse
728 2953 762 3013 et
780 2969 993 3031 recuperasse.
1029 2948 1115 3011 idem
1133 2964 1151 3011 4

109 3036 147 3102 L.
174 3036 304 3106 Iulium¹
323 3034 483 3121 Calidum,
520 3058 615 3121 quem
651 3040 728 3119 post
758 3034 903 3100 Lucretii
930 3033 1114 3118 Catullique

110 3130 252 3190 mortem
265 3124 370 3189 multo
389 3125 666 3210 elegantissimum
683 3128 816 3208 politam
833 3126 981 3188 nostram
999 3123 1114 3187 tulisse

111 3218 254 3278 aetatem
281 3233 355 3276 vere
382 3211 492 3277 videor
518 3234 614 3295 posse
642 3212 847 3294 contendere,
875 3232 979 3294 neque
1007 3211 1113 3274 minus

110 3302 216 3367 virum
239 3303 361 3366 bonum
384 3300 579 3383 optimisque
603 3301 728 3364 artibus
751 3261 921 3382 eruditum,
944 3302 1021 3382 post
1042 3320 1115 3381 pro-

110 3390 322 3474 scriptionem
350 3389 495 3472 equitum
522 3392 655 3471 propter
684 3406 819 3471 magnas
847 3386 914 3451 eius
942 3384 1114 3451 Africanas

108 3478 332 3562 possessiones
350 3477 386 3541 in
397 3476 654 3560 proscriptorum
667 3496 837 3539 numerum
851 3496 870 3538 a
884 3473 919 3538 P.
928 3471 1115 3558 Volumnio,
