2528 4042
150 203 170 266 6
275 256 279 264 ,
477 200 498 255 ι.
521 199 724 254 aurnuns.
753 210 777 256 e.
797 207 820 255 ι.

110 346 130 410 6
238 343 337 410 Cuius
360 344 515 409 victoriae
538 367 604 409 non
626 345 767 409 alienum
790 345 918 410 videtur
943 345 1036 429 quale
1063 365 1155 428 prae·

149 434 250 497 mium
273 432 414 497 Miltiadi
442 433 487 498 sit
514 433 676 497 tributum
703 432 830 518 docere,
860 456 923 517 quo
951 433 1078 497 facilius
1106 432 1155 496 in-

149 522 262 607 tellegi
279 521 385 605 possit
403 521 537 585 eandem
555 521 700 585 omniurn
719 521 889 586 civitatum
908 543 978 586 esse
991 525 1154 584 naturam.

114 613 187 674 rut
206 610 291 673 enim
309 610 422 694 populi
440 609 579 672 Romani
596 609 736 672 honores
755 611 918 692 quondam
936 610 1068 673 fuerunt
1085 608 1154 671 rari

149 701 183 761 et
212 702 325 762 tenues
353 699 394 762 ob
422 718 556 779 eamque
587 717 718 760 causam
747 697 898 782 gloriosi,
928 718 1013 762 nunc
1042 701 1154 760 autem

149 786 242 851 effirsi
260 791 357 869 atque
377 784 525 867 obsoleti,
548 784 593 849 sic
613 785 691 849 olim
709 784 794 868 apud
812 783 1028 849 Athenienses
1050 784 1153 848 fuisse

114 875 335 958 areperimus.
366 893 506 954 namque
524 871 599 936 huic
617 871 767 957 Miltiadi,
791 873 847 956 qui
864 872 1048 937 Athenaei
1034 876 1153 936 t·otam

150 984 211 1045 quc
235 960 404 1026 Graeciam
430 960 601 1046 liberarat,
625 961 701 1024 talis
728 962 832 1025 honos
856 962 960 1025 tribut
946 966 999 1025 tus
1027 965 1090 1042 est,
1118 960 1154 1024 ιιι

148 1050 290 1134 porticu,
313 1070 394 1131 quae
417 1046 546 1113 Poecile
569 1054 664 1113 vocat
664 1072 716 1133 ur,
740 1071 813 1114 cum
835 1070 944 1134 pugna
967 1048 1153 1148 depingere·

148 1142 203 1201 tur
220 1135 435 1221 Marathonia,
453 1137 517 1200 ut
508 1159 543 1200 ιιι
561 1136 670 1202 decern
688 1141 875 1221 praetorum
892 1157 1027 1202 numero
1045 1136 1153 1220 prima

149 1225 217 1288 eius
244 1224 353 1310 imago
380 1188 590 1308 poheretur
582 1246 673 1308 1sque
702 1226 890 1291 hortaretur
912 1225 1033 1289 milites
1060 1246 1153 1307 proc

113 1312 292 1395 sliumque
316 1313 544 1377 committeret.
580 1313 665 1377 idem
687 1313 743 1377 ille
766 1315 914 1398 populus,
936 1316 1150 1413 posteaquam

148 1399 252 1464 maius
271 1400 442 1484 imperium
461 1404 511 1465 est
528 1405 643 1465 nactus
659 1405 691 1465 et
709 1402 884 1486 largitione
899 1401 1149 1486 magistratuum

148 1492 417 1640 gormptus,
351 1494 417 1574 est,
449 1493 611 1554 trecentas
644 1493 769 1554 statuas
798 1489 964 1554 Demetrio
992 1488 1151 1553 Phalereo

170 1579 290 1640 ecrevrt

109 1665 128 1730 7
235 1663 317 1729 Post
342 1665 405 1730 hoc
431 1666 591 1749 proelium
619 1666 755 1731 classem
784 1665 991 1752 septuaginta
1018 1663 1161 1726 navium

147 1751 362 1818 Athenienses
382 1753 484 1818 eidem
502 1754 643 1818 Miltiadi
666 1755 830 1838 dederunt,
853 1758 890 1818 ut
912 1753 1043 1834 insulas,
1065 1770 1146 1850 quae

147 1841 304 1906 barbaros
327 1842 523 1927 adiuverant,
545 1842 631 1906 bello
654 1805 908 1925 persequeretur.
949 1863 1013 1924 quo
1035 1841 1070 1903 ia
1090 1837 1149 1901 im·

147 1929 237 2012 perio
265 1930 436 2013 plerasque
463 1930 503 1993 ad
531 1930 674 1993 officium
700 1930 803 1993 redire
831 1930 951 2015 co'e‘git,
978 1926 1150 1993 nonnullas

112 2017 181 2082 ιιι
204 2018 409 2118 expugnavit.
450 2039 490 2080 ex
511 2017 563 2080 his
587 2017 707 2080 Parum
729 2017 869 2081 insulam
893 2017 1007 2118 opibus
1029 2016 1151 2079 elatam

149 2127 222 2169 cum
246 2106 392 2169 oratione
414 2105 622 2170 reconciliare
645 2127 711 2168 non
737 2110 861 2190 posset,
882 2106 1001 2206 ,copias
1024 2125 1041 2168 e
1063 2103 1150 2167 navi·

147 2193 209 2256 bus
229 2194 339 2258 eduxit
324 2196 348 2277 t,
365 2194 478 2257 urbem
497 2194 648 2276 operibus
668 2194 784 2257 clausit
770 2194 953 2276 tumnique
968 2194 1152 2257 commeatu

148 2281 302 2365 privavit,
329 2280 403 2345 dein
430 2281 531 2346 vineis
559 2303 597 2346 ac
624 2282 840 2346 testudinibus
864 2280 1051 2346 constitutis
1078 2301 1150 2364 pro·

114 2371 222 2453 opius
246 2391 356 2434 muros
380 2370 524 2434 accessit.
561 2391 634 2434 cum
652 2370 717 2432 iam
735 2370 770 2433 in
792 2391 830 2434 co
854 2373 950 2452 esset,
971 2373 1009 2433 ut
1032 2368 1151 2452 oppido

148 2458 322 2541 potiretur,
353 2457 466 2541 procul
492 2458 526 2521 in
554 2457 733 2522 continenti
758 2458 863 2541 lucus,
892 2457 947 2540 qui
975 2479 1014 2521 cx
1045 2456 1152 2520 insula

150 2547 417 2630 conspiciebatur,
439 2546 548 2610 nescio
572 2567 635 2628 quo
659 2567 736 2610 casu
757 2551 916 2611 nocturno
939 2549 1085 2628 tempore
1104 2544 1152 2608 in-

150 2656 264 2698 census
283 2637 342 2698 est.
378 2633 468 2698 cuius
486 2634 617 2698 flamma
634 2638 672 2697 ut
690 2635 731 2697 ab
751 2633 918 2718 oppidanis
938 2637 971 2697 et
989 2653 1153 2719 oppugna·

150 2722 277 2787 toribus
301 2725 352 2786 est
374 2721 456 2806 usa,
478 2722 624 2805 utrisque
647 2722 736 2786 venit
758 2722 793 2785 in
815 2721 1000 2804 opinionem
1023 2721 1153 2806 signum

115 2825 133 2874 4
152 2833 171 2873 a
189 2810 363 2875 classiariis
386 2809 485 2895 regiis
508 2810 628 2874 datum.
663 2832 727 2893 quo
745 2810 869 2874 factum
887 2812 938 2873 est
955 2813 994 2873 ut
1011 2813 1045 2873 et
1062 2807 1152 2873 Parii

152 2919 171 2962 a
185 2898 346 2962 deditione
360 2897 598 2962 deterrerentur
612 2903 645 2962 et
658 2897 832 2982 Miltiades,
850 2897 969 2961 timens
982 2919 1022 2962 ne
1038 2898 1152 2962 classis

151 2986 241 3071 regia
255 2987 451 3070 adventaret,
469 2987 608 3051 incensis
624 2986 784 3069 operibus,
799 3006 879 3068 quae
895 2988 1064 3068 statuerat,
1078 3006 1153 3050 cum

151 3074 289 3138 totidem
311 3075 447 3139 navibus
471 3079 568 3157 atque
591 3077 661 3138 erat
683 3072 847 3156 profectus
865 3072 1012 3138 Athenas
1033 3095 1154 3159 magna

118 3177 133 3226 ιι
153 3183 226 3226 curn
245 3162 419 3227 offensione
438 3163 557 3227 civium
576 3183 708 3226 suorum
726 3160 854 3225 rediret.
891 3166 1058 3226 accusatus
1074 3183 1153 3247 ergo

153 3254 202 3314 est
229 3251 436 3335 proditionis,
460 3250 558 3334 quod,
588 3271 661 3313 cum
683 3247 803 3313 Parum
827 3270 1009 3335 expugnare
1032 3254 1154 3336 posset,

152 3359 269 3423 aroge
293 3343 463 3423 corruptus
486 3337 615 3401 infectis
638 3337 734 3400 rebus
762 3336 971 3403 discessisset.
1012 3358 1050 3402 eo
1073 3341 1154 3402 tem-

152 3446 229 3509 pore
249 3447 344 3512 aeger
362 3431 432 3491 erat
446 3425 641 3508 vulneribus,
660 3446 741 3508 quae
755 3425 789 3489 in
803 3425 1019 3510 oppugnando
1034 3427 1154 3510 oppido

153 3519 329 3600 acceperat.
365 3516 475 3598 itaque
496 3512 655 3595 cumipse
678 3534 738 3597 pro
761 3535 795 3579 se
819 3514 923 3578 dicere
944 3534 1011 3578 non
1033 3519 1155 3600 posset,
