2528 4042
93 114 96 121 '
189 117 232 180 96
480 113 577 169 XXIII.
596 113 793 168 HANNIBAL.
823 120 864 172 12.
884 121 924 171 rs.
1221 39 1225 157 i

189 260 259 345 gati
287 258 419 322 Prusiae
449 258 570 323 Romae
599 259 683 341 apud
710 257 745 323 Τ.
775 259 944 335 Quintium
971 260 1190 327 Flamininum
1260 327 1264 355 ,

189 347 390 412 consularem
423 351 587 431 cenarent,
620 352 716 430 etque
749 347 795 411 ibi
827 349 865 412 de
893 348 1075 414 Hannibale
1106 373 1191 415 men·
1260 415 1264 443 ,

189 436 277 500 tione
300 435 389 500 facta
412 457 451 500 ex
472 436 513 499 iis
536 456 618 499 unus
642 436 763 499 diceret
786 458 859 500 eum
881 437 916 500 in
933 436 1066 502 Prusiae
1090 459 1191 525 regno

154 538 268 588 resse.
300 525 333 588 id
350 528 482 607 postero
498 523 547 586 die
561 521 763 586 Flamininus
783 525 910 588 senatui
924 526 1049 591 detulit.
1080 531 1191 611 patres
1220 556 1224 595 ι
1257 504 1264 619 ζ

190 613 377 696 conscripti,
408 612 463 694 qui
485 608 667 673 Hannibale
690 611 764 675 vivo
786 633 965 695 numquam
987 636 1022 679 se
1049 615 1117 680 sine
1145 616 1192 679 in·
1220 604 1225 763 Ι
1256 680 1262 707 1

190 701 280 766 sidiis
304 700 430 764 futuros
454 697 692 781 existimarent,
714 698 841 783 legatos
865 701 900 764 in
922 701 1111 786 Bithyniam
1134 704 1192 767 mi-

190 792 314 870 serunt,
343 786 445 850 ineis
469 784 702 869 Flamininum,
724 785 780 870 qui
803 788 844 851 ab
868 809 945 873 rege
967 794 1130 876 peterent,
1151 813 1192 856 ne

189 874 448 940 inimicissimum
475 894 569 937 suum
597 894 707 939 secum
735 874 870 940 haberet
898 877 1024 960 sibique
1052 879 1189 944 dederet.
1261 921 1264 961 ι

154 981 170 1029 s
188 964 240 1028 his
262 961 377 1025 Prusia
399 981 518 1046 negare
541 982 638 1026 ausus
661 984 727 1027 non
749 966 813 1048 est,
844 964 925 1030 illud
947 967 1122 1052 recusavit,
1149 988 1191 1031 ne

188 1052 221 1114 id
244 1072 263 1114 a
286 1071 320 1114 se
342 1048 413 1112 fieri
440 1050 657 1134 postularent,
685 1052 770 1134 quod
797 1052 948 1118 adversus
975 1054 1026 1119 ius
1053 1054 1191 1138 hospitii
1257 1092 1262 1102 ·

188 1142 287 1202 esset:
319 1137 396 1222 ipsi,
419 1138 447 1202 si
469 1143 616 1223 possent,
639 1139 958 1222 comprehenderent:
989 1143 1110 1222 locum,
1132 1143 1190 1208 ubi

189 1230 286 1309 esset,
314 1226 408 1291 facile
435 1226 631 1291 inventuros.
675 1225 949 1294 Hannibalemn
971 1252 1035 1295 uno
1058 1231 1131 1296 loco
1154 1253 1188 1295 se
1225 1242 1229 1293 ἴ

188 1315 329 1398 tenebat,
347 1315 382 1377 in
400 1314 534 1379 castello
554 1315 639 1396 quod
658 1315 687 1377 ei
706 1335 814 1399 aroge
834 1316 945 1381 datum
966 1323 1037 1383 erat
1055 1319 1186 1402 muneri,

188 1402 284 1486 idque
308 1403 354 1468 sio
378 1402 571 1484 aedificarat,
593 1405 630 1465 ut
652 1402 687 1465 in
709 1402 859 1467 omnibus
880 1405 1189 1486 partibusaedificii
1225 1467 1230 1483 ,

189 1491 294 1555 exitus
321 1491 469 1574 haberet,
497 1489 621 1554 scilicet
648 1509 759 1554 verens
785 1510 826 1554 ne
853 1511 914 1554 usu
936 1493 1073 1576 veniret,
1101 1493 1191 1576 quod
1226 1486 1230 1492 ’

153 1580 316 1645 reccidit.
368 1579 432 1644 huc
464 1600 536 1643 cum
569 1578 670 1662 legati
701 1576 923 1643 Romanorum
952 1579 1117 1644 venissent
1151 1603 1192 1646 ac

188 1667 395 1733 multitudine
428 1667 559 1732 domum
591 1667 659 1731 cius
696 1666 995 1752 circumdedissent,
1030 1689 1110 1750 puer
1148 1669 1189 1732 ab

187 1754 1191 1928 ssttttllp¹tttttt¹lttlffltt¹tttttl⁰tft

189 1955 299 1997 omncs
322 1932 408 1996 fores
432 1931 568 1996 aedificii
592 1930 776 1995 circumiret
799 1952 836 1995 ac
862 1953 998 2016 propere
1025 1931 1089 1995 sibi
1110 1953 1191 1997 nun·

154 2021 300 2104 otiaret,
326 2042 404 2083 num
432 2020 544 2084 eodem
570 2019 666 2082 modo
679 2018 829 2101 undique
853 2018 1063 2084 obsideretur.
1108 2042 1190 2103 puer

189 2131 262 2173 cum
294 2108 453 2192 celeriter,
485 2104 561 2190 quid
587 2105 734 2190 vidisset,
765 2107 983 2171 renuntiasset
1013 2129 1189 2192 omnesque

189 2197 294 2261 exitus
323 2198 495 2280 occupatos
524 2194 730 2278 ostendisset,
763 2195 864 2259 sensit
893 2195 926 2258 id
955 2217 1021 2260 non
1049 2194 1187 2263 fortuito

187 2286 320 2369 factum,
343 2285 399 2349 sed
423 2306 456 2348 se
479 2283 547 2367 peti
569 2304 672 2366 neque
695 2282 758 2346 sibi
780 2282 901 2347 diutius
924 2284 1026 2348 vitam
1048 2305 1119 2349 esse
1143 2307 1189 2350 re

188 2375 361 2438 tinendam.
399 2394 495 2455 quam
512 2392 553 2435 ne
572 2371 675 2434 alieno
695 2371 830 2436 arbitrio
854 2371 1041 2455 dimitteret,
1064 2394 1188 2439 memor

187 2462 399 2544 pristinarum
426 2461 584 2524 virtutum
610 2480 781 2543 venenum,
812 2459 896 2542 quod
926 2480 1052 2542 semper
1079 2482 1188 2526 secum

187 2550 306 2612 habere
330 2551 509 2630 consuerat,
533 2547 681 2628 sumpsit.

138 2639 178 2703 13
277 2634 330 2700 Sic
356 2635 406 2700 vir
432 2634 642 2718 fortissimus,
672 2635 784 2700 multis
811 2634 971 2717 variisque
998 2634 1187 2719 perfimctus

187 2724 368 2807 laboribus,
391 2744 474 2787 anno
498 2722 659 2807 acquievit
682 2723 929 2807 septuagesimo.
975 2723 1092 2805 quibus
1116 2747 1188 2790 con-

189 2813 312 2879 sulibus
352 2810 530 2894 interierit,
569 2832 636 2875 non
672 2811 827 2877 convenit.
880 2832 1020 2894 namque
1056 2810 1187 2878 Atticus

187 2902 231 2967 Μ.
264 2900 397 2966 Claudio
430 2899 584 2964 Marcello
618 2899 654 2975 Q.
686 2898 787 2963 Fabio
819 2896 969 2963 Labeone
1002 2901 1186 2966 oonsulibus

84 3008 103 3021 ⁸
188 2994 352 3055 mortuum
374 2990 409 3053 in
432 2988 540 3053 annali
564 3009 621 3053 suo
645 2987 800 3070 scriptum
818 2987 959 3071 reliquit,
982 2991 1016 3051 at
1032 2988 1187 3071 Polybius

188 3078 224 3145 L.
257 3077 397 3143 Aemilio
429 3077 529 3141 Paulo
562 3074 619 3142 On
650 3073 771 3138 Baebio
803 3072 988 3159 Tamphilo,
1025 3073 1187 3159 Sulpicius

189 3171 297 3231 autem
324 3166 437 3232 Blitho
464 3164 500 3229 P.
528 3162 677 3230 Cornelio
705 3160 849 3247 Cethego
877 3162 920 3227 M.
943 3163 1065 3228 Baebio
1095 3163 1188 3229 Tam·

153 3255 287 3339 aphilo.
323 3258 420 3337 atque
438 3254 492 3318 hic
510 3255 620 3316 tantus
644 3250 693 3314 vir
716 3250 879 3334 tantisque
902 3251 996 3315 bellis
1020 3251 1187 3318 districtus

187 3342 334 3407 nonnihil
354 3343 509 3425 temporis
528 3338 644 3404 tribuit
662 3338 791 3402 litteris.
818 3361 957 3422 namque
975 3338 1101 3421 aliquot
1120 3341 1188 3406 eius

189 3429 264 3493 libri
288 3435 372 3507 sunt,
392 3430 515 3495 Graeco
535 3448 680 3492 sermone
701 3426 849 3501 confecti.
871 3428 906 3491 in
923 3426 969 3491 eis
988 3427 1028 3490 ad
1042 3426 1188 3495 Rhodios
