2528 4042
146 187 168 244 4
475 181 496 234 Ι.
520 179 721 236 MILTIADES.
748 186 773 235 3.
792 187 818 235 4.

146 327 180 391 in
207 326 269 391 boc
296 325 360 389 fuit
386 329 457 389 tum
483 346 617 389 numero
640 324 803 389 Miltiades
829 324 894 404 [cui
920 324 978 388 illa
1001 323 1148 388 custodia

112 431 128 478 3
148 415 353 494 crederetur}
384 413 446 497 hic,
469 434 542 477 cum
561 413 664 478 crebri
683 413 835 477 afferrent
851 413 958 476 nuntii
976 413 1059 476 male
1079 433 1149 477 rem

147 523 257 588 gerere
271 501 407 567 Darium
424 501 590 585 premique
610 523 629 564 0
643 499 783 585 Scythis,
799 500 950 565 hortatus
969 503 1019 564 est
1036 501 1148 583 pontis

148 591 309 675 custodes,
335 611 376 654 ne
400 611 419 653 a
440 589 572 653 fortuna
598 589 708 653 datam
736 590 937 653 occasionem
963 588 1148 653 liberandae

112 677 302 743 4Graeciae
331 677 540 743 dimitterent.
585 698 661 742 nam
688 677 716 741 si
744 698 817 741 cum
847 677 888 740 iis
918 676 1035 760 copiis,
1069 698 1148 760 quas

147 788 256 832 secum
269 769 518 850 transportaret,
531 765 698 830 interisset
710 763 838 849 Darius,
851 786 917 829 non
931 765 1037 830 solum
1045 763 1149 830 Euro

146 878 222 939 pam
244 854 313 920 fore
337 857 452 937 tutam,
475 853 531 919 sed
553 854 652 917 etiam
670 873 736 936 eos,
759 853 814 936 qui
833 851 947 917 Asiam
968 853 1149 918 incolerent

148 942 263 1008 Graeci
282 962 407 1028 genere,
424 941 545 1006 liberos
560 963 579 1006 a
592 940 764 1006 Persarum
782 940 909 1006 futuros
928 940 1147 1007 dominatione

147 1036 180 1096 et
202 1030 354 1115 periculo.
385 1030 419 1094 id
436 1029 531 1095 facile
549 1028 633 1094 effici
656 1051 765 1114 posse:
787 1033 886 1113 ponte
905 1029 991 1094 enim
1009 1029 1149 1095 rescisso

147 1139 258 1204 regem
281 1118 331 1182 vel
353 1118 498 1182 hostium
519 1117 605 1183 ferro
628 1118 679 1183 vel
701 1118 811 1202 inopia
832 1117 943 1201 paucis
966 1116 1149 1182 (1101)οι10-

113 1220 128 1270 5
148 1207 330 1271 teriturum.
362 1206 483 1270 adhoc
501 1205 671 1270 consilium
694 1227 767 1270 cum
788 1206 934 1289 plerique
952 1205 1149 1290 accederent,

147 1294 321 1359 Hestiaeus
339 1292 494 1377 Milesius,
511 1314 552 1357 00
570 1315 621 1357 100
640 1293 860 1378 conficeretur,
878 1293 1018 1378 obstitit,
1039 1293 1148 1360 dicens

147 1404 213 1447 non
234 1383 320 1447 idem
342 1382 437 1465 ipsis,
467 1381 522 1465 qui
545 1402 686 1446 summas
713 1381 841 1464 imperii
863 1385 1030 1466 tenerent,
1057 1404 1149 1467 expe

148 1471 216 1535 dire
244 1475 278 1534 et
304 1469 518 1552 multitudini,
546 1470 632 1552 quod
653 1468 746 1534 Darii
773 1489 873 1555 regno
900 1469 1046 1552 ipsorum
1067 1471 1149 1536 nite

147 1562 238 1623 retur
251 1558 443 1623 dominatio:
462 1578 525 1640 quo
540 1557 700 1622 exstincto
718 1558 806 1640 ipsos
820 1560 982 1640 potestate
997 1559 1148 1642 expulsos

148 1647 272 1712 civibus
291 1646 357 1711 suis
379 1667 500 1729 poenas
524 1645 664 1711 daturos.
696 1645 805 1728 itaque
825 1645 903 1709 adeo
922 1667 956 1710 se
975 1646 1146 1711 abhorrere

149 1758 168 1800 a
186 1738 367 1800 ceterorum
386 1734 530 1818 consilio,
551 1738 590 1798 ut
607 1734 689 1798 011111
707 1737 801 1818 putet
819 1733 899 1816 ipsis
917 1734 1029 1799 utilius
1047 1753 1143 1816 quam

113 1838 130 1886 6
149 1823 333 1889 confirmari
356 1843 492 1906 regnum
514 1821 695 1886 Persarum.
737 1821 834 1885 huius
857 1843 931 1887 cum
953 1820 1144 1887 00000001010

147 1911 280 1994 plurimi
311 1912 419 1973 essent
450 1911 569 1992 secuti,
600 1909 764 1973 Miltiades
795 1931 861 1973 non
896 1910 1048 1975 dubitans
1078 1913 1146 1975 tam

148 1998 261 2061 multis
284 1997 420 2061 consciis
439 1997 481 2060 ad
498 1998 584 2081 10810
603 2017 697 2061 aures
716 1997 851 2061 consilia
870 2018 928 2062 sua
945 2002 1149 2081 perventura,

149 2084 385 2151 Chersonesum
411 2084 543 2167 reliquit
570 2105 607 2149 ao
634 2105 745 2148 mrsus
772 2083 918 2150 Athenas
946 2085 1149 2171 demigravit.

149 2174 239 2238 cuius
267 2172 351 2237 ratio
379 2172 442 2237 etsi
468 2193 534 2236 non
560 2172 675 2257 valuit,
705 2177 815 2237 tamen
836 2193 955 2259 magno
979 2195 1075 2258 opere
1098 2178 1149 2240 000

148 2261 320 2344 laudanda,
347 2283 420 2325 cum
447 2260 580 2326 amicior
607 2262 751 2325 omnium
778 2261 924 2325 libertati
952 2283 1049 2345 quam
1072 2283 1149 2329 0000

148 2350 248 2415 fuerit
270 2348 491 2414 dominationi.

109 2437 131 2502 4
235 2437 355 2502 Darius
379 2441 496 2521 autem,
519 2458 592 2502 cum
610 2458 649 2500 er
666 2436 798 2522 Europa
818 2438 852 2502 in
870 2437 984 2503 Asiam
1002 2439 1151 2524 redisset,

147 2526 356 2590 hortantibus
384 2525 509 2609 amicis,
540 2528 579 2589 ut
606 2522 775 2590 Graeciam
804 2526 964 2611 redigeret
995 2527 1031 2592 in
1057 2549 1151 2593 suam

148 2617 356 2697 potestatem,
379 2613 514 2677 classem
533 2612 781 2698 quingentarum
799 2614 930 2680 navium
948 2617 1152 2700 comparavit

149 2701 241 2783 cique
263 2699 376 2764 Datim
398 2700 552 2783 praefecit
575 2704 608 2764 00
625 2699 863 2785 Artaphernem
884 2703 988 2787 iisque
1011 2703 1152 2769 ducenta

149 2788 307 2872 peditum,
337 2787 446 2851 decem
472 2787 618 2870 equitum
645 2789 736 2853 milia
763 2791 863 2875 dedit,
895 2813 1024 2856 0000001
1051 2794 1152 2858 10001-

150 2897 259 2940 serens
291 2896 326 2940 00
356 2876 484 2940 hostem
519 2897 588 2940 esse
619 2876 886 2962 Atheniensibus,
917 2880 1003 2964 quod
1037 2902 1152 2946 eorum

150 2964 270 3029 auxilio
299 2962 393 3028 Iones
425 2962 534 3028 Sardis
566 2969 804 3051 expugnassent
836 2988 956 3051 suaque
987 2969 1152 3051 praesidia

115 3052 396 3118 tinterfecissont.
432 3052 481 3115 illi
507 3052 663 3134 praefecti
689 3054 771 3138 10811
794 3054 895 3120 010000
919 3057 959 3120 01
980 3055 1151 3124 Euboeam

151 3141 286 3225 appulsa
318 3139 465 3204 celeriter
494 3139 657 3205 Eretriam
689 3147 842 3224 cepenmt
873 3165 1049 3227 omnesque
1081 3147 1152 3211 eius

149 3229 256 3314 800010
284 3228 369 3293 01100
397 3229 549 3311 abreptos
575 3229 610 3292 in
636 3227 751 3292 Asiam
778 3231 818 3294 ad
845 3253 954 3317 108010
981 3232 1152 3299 miserunt.

149 3316 222 3380 inde
250 3315 290 3381 ad
312 3315 458 3381 Atticam
486 3319 690 3380 accesserunt
717 3339 754 3382 00
779 3340 853 3384 suas
876 3319 985 3402 copias
1008 3321 1044 3384 in
1066 3342 1152 3388 cam-

149 3425 227 3486 pum
248 3404 442 3470 Marathona
471 3403 677 3468 deduxerrmt.
717 3406 746 3471 is
769 3408 862 3472 abest
885 3406 925 3470 ab
949 3409 1068 3491 oppido
1092 3411 1152 3476 cir·

116 3505 131 3555 0
152 3490 231 3555 citer
254 3493 344 3557 milia
365 3514 519 3578 passuum
543 3492 660 3556 decem.
691 3493 753 3559 hoc
771 3495 914 3559 tumultu
932 3494 1152 3566 Athenienses
1174 3509 1177 3514 '
