2528 4042
373 167 421 222 111.
440 167 635 224 Amerinus.
665 177 741 226 ι-ι.
1019 176 1059 240 15

55 337 136 399 quae
163 313 253 378 facta
281 315 333 377 est
358 312 450 397 prius
478 334 575 397 quam
601 335 706 397 poena
728 314 882 381 liberaret
867 320 929 382 tur.
974 319 1060 384 idem

54 424 131 489 prae
132 405 185 467 tor
132 400 277 467 tfuit
303 399 553 465 Atheniensium
580 401 665 554 apud
687 402 874 468 Plataees'
865 428 899 468 m
926 409 1060 492 proelio,

56 513 117 576 quo
145 489 238 555 fusus
268 489 482 567 barbarorum
505 489 626 554 exercit
626 511 665 554 us
688 489 972 592 Mardoniusque
963 499 1060 560 ιιι-ιιι

54 513 158 646 fictus
177 581 237 643 est.
271 597 376 660 neque
395 562 482 641 aliud
500 581 551 641 est
569 578 673 642 ullum
691 579 819 644 huius
810 602 844 645 m
867 602 901 644 re
924 583 1059 648 militari
1078 600 1095 649 ι

52 669 182 734 ιΠιιιιι
204 665 272 730 fact
258 668 329 729 tum
353 685 449 766 quam
472 665 541 730 eius
564 665 692 816 imperii
715 668 884 750 memoria,
914 669 1060 736 iustitiae

52 778 129 822 vero
144 758 180 820 et
193 753 369 836 aequitatis
388 753 449 817 ιι
439 755 642 818 innocentiae
661 756 801 840 multa,
791 778 827 819 m
844 756 959 857 primis
975 759 1061 841 quod

52 845 152 910 huius
181 842 343 924 aequitate
371 839 495 905 factum
522 845 586 924 est,
614 863 686 907 cum
713 844 748 907 in
771 845 933 909 communi
957 846 1060 909 classe

55 935 146 999 esset
169 927 319 995 Graeciae
348 929 444 993 simul
473 950 546 994 cum
573 891 734 995 Pausania
765 933 843 1033 [quo
870 933 949 998 duce
977 933 1061 998 Mar-

58 1019 174 1085 donius
196 1021 265 1082 er'at
286 1017 448 1103 fugatus],
475 1021 512 1081 ut
539 1039 666 1082 summa
688 1019 816 1102 imperii
839 1022 996 1086 maritimi
1019 1023 1060 1086 ab

57 1105 318 1173 Lacedaemoniis
342 1103 533 1170 transferret
519 1109 573 1170 tur
597 1106 637 1169 ad
659 1105 889 1173 Athenienses:
920 1128 1095 1194 namquee

56 1199 131 1262 ante
153 1194 188 1259 id
210 1197 340 1278 tempus
364 1198 397 1257 et
420 1193 503 1257 mari
521 1197 554 1258 et
572 1198 661 1257 terra
678 1193 774 1260 duces
793 1201 886 1261 erant
904 1196 1060 1263 Lacedae

54 1282 164 1349 monii.
215 1285 288 1346 tum
319 1284 429 1345 autom
465 1285 498 1345 et
534 1282 761 1366 intemperant
752 1305 784 1348 1a
815 1283 994 1350 Pausaniae
1028 1291 1061 1350 et

53 1370 184 1438 iustitia
210 1368 334 1433 factum
357 1373 408 1433 est
430 1368 602 1454 Aristidis,
624 1374 661 1434 ut
685 1393 795 1436 omnes
818 1372 937 1437 fere
910 1376 1009 1439 ιιιιιι
1010 1378 1060 1439 ιιι

56 1459 210 1526 Graeciae
239 1457 280 1522 ad
302 1455 551 1522 Atheniensium
578 1458 768 1523 societatem
797 1482 831 1525 se
859 1463 1061 1545 applicarent

57 1553 89 1613 t
111 1547 266 1612 adversus
289 1545 446 1610 barbaros
469 1545 529 1610 hos
553 1546 648 1611 duces
671 1547 850 1633 deligerent
874 1550 946 1613 sibi.

144 1635 234 1711 Quos
267 1654 331 1716 quo
362 1632 491 1698 facilius
523 1635 732 1718 repellerent,
764 1637 793 1699 si
824 1636 909 1699 forte
940 1638 1101 1704 bellum3

56 1743 213 1790 renovare
235 1725 438 1806 conarentur,
460 1721 500 1784 ad
520 1720 639 1785 classes
658 1686 871 1786 aedificandas
890 1725 1010 1787 exercit
1011 1745 1061 1787 us-

58 1834 122 1895 que
150 1809 382 1893 comparandos
410 1812 511 1892 quant
512 1830 567 1872 um
594 1810 747 1893 pecuniae
778 1832 923 1895 quaeque
946 1811 1061 1875 civitas

59 1899 163 1982 daret,
185 1896 342 1962 Aristides
366 1897 510 1961 delectus
533 1900 584 1961 est
607 1897 662 1980 qui
686 1899 907 1983 constitueret,
930 1899 1062 1983 eiusque
1132 1924 1135 1928 ’

61 1985 198 2051 ιιιιιιιο
227 1986 446 2072 quadringena
475 1989 509 2049 ιι
540 2007 700 2072 sexagena
732 1988 856 2052 talenta
888 1989 1061 2071 quotannis

58 2073 177 2140 Delum
200 2077 276 2139 sunt
298 2074 432 2139 collata:
454 2073 487 2137 id
507 2074 593 2155 enim
615 2097 785 2140 commune
809 2077 968 2141 aerarium
992 2099 1062 2141 esse

55 2163 238 2229 voluerunt.
271 2183 352 2246 quae
372 2161 477 2226 omnis
494 2162 630 2245 pecunia
647 2168 779 2246 postero
798 2168 944 2248 tempore
962 2164 1062 2228 Athe·

54 2273 115 2317 nas
139 2250 301 2316 translata
323 2254 381 2315 est.
425 2250 478 2313 hic
502 2272 565 2333 qua
586 2250 686 2314 fuerit
709 2252 915 2335 abstinentia,
937 2251 1062 2316 nullum
1082 2270 1097 2317 a

56 2344 107 2405 est
122 2339 244 2405 certius
262 2338 416 2403 indicium
435 2359 533 2420 quam
550 2340 638 2421 quod,
657 2359 730 2402 cum
748 2339 849 2402 tantis
864 2339 960 2401 rebus
974 2359 1063 2421 prae-

56 2427 184 2512 fuisset,
206 2427 242 2490 in
263 2430 357 2491 tanta
378 2429 570 2510 paupertate
592 2425 740 2507 decessit,
763 2429 800 2488 ut
822 2425 878 2508 qui
897 2424 1064 2488 efferretur

59 2515 114 2579 vix
138 2514 316 2598 reliquerit.
361 2535 425 2598 quo
455 2513 579 2578 factum
602 2517 652 2576 est
674 2516 712 2576 ut
733 2512 819 2576 filiae
843 2513 911 2576 eius
934 2513 1097 2597 publicae

61 2603 223 2668 alerentur
246 2602 340 2667 etde
364 2602 526 2668 communi
549 2601 673 2665 aerario
700 2601 831 2665 dotibus
859 2601 944 2666 datis
967 2602 1064 2666 collo-

62 2695 218 2756 carentur.
264 2690 404 2756 decessit
431 2693 540 2754 autem
567 2689 633 2753 fere
660 2693 736 2772 post
764 2711 884 2754 annum
911 2694 1064 2774 quartum

63 2799 158 2862 quam
179 2777 414 2844 Themistocles
437 2776 576 2842 Athenis
600 2781 670 2841 erat
693 2779 853 2861 expulsus.

383 3081 442 3153 l.V
383 3079 748 3153 IPAUSANIAS.

146 3218 326 3284 Pausanias
347 3216 619 3283 Lacedaemonius
643 3238 779 3304 magnus
803 3217 910 3299 homo,
934 3217 989 3279 ιιι
1012 3239 1063 3280 va·
1085 3220 1103 3282 1

56 3306 125 3372 rius
153 3307 189 3371 in
217 3307 305 3372 omni
337 3326 480 3410 genere
479 3307 565 3371 vitae
597 3305 674 3369 suit:
709 3327 786 3369 nam
816 3303 934 3367 ιιιιι
936 3304 1064 3369 tutibus

57 3395 170 3478 eluxit,
193 3395 240 3459 sic
258 3396 291 3460 ιι
293 3394 348 3458 tiis
293 3397 417 3458 test
436 3366 531 3459 olirut
517 3399 578 3459 ι.ιι
614 3394 710 3457 huius
733 3391 991 3455 illustrissimum
1014 3398 1099 3457 esta

56 3446 220 3567 proelium
239 3484 324 3568 apud
341 3481 417 3548 Plat
402 3485 500 3546 taeas
531 3503 671 3565 namque
689 3481 747 3544 illo
766 3480 845 3544 duce
864 3478 1063 3561 Mardonius,
