2528 4042
216 212 260 274 24
303 185 307 192 ’
512 209 572 266 ιιι.
591 208 813 265 mammons
842 215 918 264 1-3.

180 371 196 419 a
216 359 313 438 atque
332 353 498 437 orationis,
516 357 554 418 ut
571 374 666 418 nemo
685 354 715 418 ei
733 358 844 437 posset
861 351 1030 438 resistere3'
1048 374 1122 418 cum
1140 357 1220 418 tem·

216 465 277 527 pus
299 446 457 526 posceret,
479 442 670 525 laboriosus,
691 442 832 525 patiens;
854 441 1007 525 liberalis,
1031 441 1220 525 splendidus

215 552 282 595 non
300 530 406 594 minus
425 530 460 594 in
478 530 547 594 vita
566 551 662 612 quam
679 529 782 612 victu3
805 529 953 613 affabilis,
975 530 1122 614 blandus,
1140 533 1220 595 tem·

181 619 349 702 4poribus
383 618 589 682 callidissime
622 617 778 681 serviens:
814 618 913 702 idem,
945 618 1079 683 simulac
1111 640 1146 683 se
1174 639 1220 683 re

216 707 349 770 miserat
379 727 484 789 nequa
516 726 612 770 causa
643 705 775 769 suberat
807 727 906 789 quare
938 705 1037 770 animi
1072 705 1220 771 laborem

216 794 387 879 perferret,
419 794 616 877 luxuriosus,
645 793 836 876 dissolutus,
867 793 1073 877 libidinosus,
1103 794 1220 859 intem-

215 903 332 966 perans
362 881 596 965 reperieb‘atur,
622 884 660 945 ut
687 902 797 945 omnes
826 881 1062 946 admirarentur
1092 881 1127 946 in
1154 904 1220 947 uno

215 970 345 1034 homine
363 973 490 1034 tantam
508 990 578 1034 esse
596 968 893 1033 dissimilitudinem
911 973 1042 1052 tamque
1058 969 1221 1036 diversam

215 1062 375 1122 naturam.

180 1146 202 1210 2
302 1144 468 1210 Educatus
487 1149 538 1210 est
555 1146 591 1210 in
608 1146 704 1210 domo
717 1144 835 1210 Pericli
850 1142 1030 1230 (privignus
1045 1145 1134 1210 anim
1149 1146 1219 1212 eius

215 1232 315 1297 fuisse
342 1231 490 1319 dieitur),
522 1233 666 1298 eruditus
695 1253 713 1297 a
741 1231 883 1298 Socrate.
929 1254 1076 1298 socerum
1102 1233 1220 1299 habuit

215 1319 448 1405 Hipponicum,
480 1321 624 1386 omnium
652 1318 775 1386 Graeca
804 1321 915 1406 lingua
943 1321 1147 1404 loquentium
1174 1323 1219 1387 di·

215 1409 388 1492 tissimum,
410 1413 456 1491 ut,
479 1409 507 1473 si
528 1409 598 1491 ipse
621 1408 742 1494 lingere
765 1409 872 1492 vellet,
893 1430 997 1493 neque
1019 1409 1115 1493 plura
1131 1410 1220 1475 bona

216 1497 362 1561 eminisci
384 1518 487 1580 neque
511 1497 633 1561 maiora
655 1501 767 1580 posset
790 1497 952 1580 consequi,
976 1518 1072 1580 quarn
1094 1497 1148 1562 vel
1162 1520 1219 1563 na-

180 1589 290 1650 2tura
304 1586 355 1649 vel
369 1583 500 1650 fortuna
513 1585 682 1650 tribuerat
709 1585 821 1649 ineunt
822 1607 840 1649 e
807 1585 1070 1650 tadulesccntia
1086 1590 1219 1650 amatus

215 1678 267 1739 est
294 1694 314 1737 a
341 1673 452 1738 multis
480 1694 569 1738 more
593 1670 865 1774 Graecorum,in
830 1673 938 1738 meis
962 1694 982 1737 a
1005 1671 1146 1755 Socrate,
1174 1673 1216 1737 de

216 1783 279 1846 quo
299 1762 497 1826 mentionem
514 1761 594 1826 facit
611 1760 687 1826 Plat
672 1765 706 1826 to
725 1761 760 1825 in
778 1760 951 1845 symposio.
986 1781 1121 1844 namque
1138 1781 1214 1824 eum

215 1850 342 1914 induxit
365 1853 671 1915 commemorantem
694 1870 728 1913 se
757 1852 964 1932 pernoctasse
987 1871 1060 1914 cum
1083 1846 1216 1913 Socrate

215 1958 319 2020 neque
342 1937 401 2001 alit
387 1941 437 2000 ter
460 1938 500 2000 ab
524 1959 562 2000 eo
586 1937 777 2020 surrexisse,
800 1959 838 2002 ac
860 1937 946 2001 filius
969 1958 989 2000 a
1010 1939 1152 2037 parente·
1166 1936 1218 2000 de·

180 2024 332 2087 abuerit.
376 2028 452 2107 post
453 2045 588 2106 eaquam
611 2024 734 2088 robust'
711 1987 777 2088 troi
798 2028 849 2089 est
874 2024 994 2109 factus,
1022 2046 1088 2090 non
1110 2023 1219 2089 minus

216 2112 336 2175 multos
360 2112 494 2194 amavit,
522 2112 716 2195 inquorum
739 2133 861 2196 amore,
889 2076 994 2197 quoad
1016 2113 1144 2178 licitum
1167 2116 1221 2177 est

216 2199 336 2300 odiosa,
355 2201 438 2263 mult
424 2204 459 2263 a
472 2200 631 2264 dehcate
621 2220 792 2282 iocoseque
805 2163 896 2266 fecit·
920 2223 1001 2285 quae
1015 2192 1220 2285 referremus,

214 2287 278 2352 nisi
301 2287 424 2352 maiora
446 2288 574 2372 potiora
595 2287 795 2353 haberemus.

180 2375 200 2439 3
302 2375 394 2441 Bello
417 2374 652 2460 Peloponnesio
681 2376 777 2440 huius
800 2376 993 2441 consiliat
959 2381 1056 2460 atque
1079 2376 1219 2443 auctori·

215 2467 284 2529 tata
311 2463 526 2529 Athenienses
556 2464 678 2529 bellum
706 2461 917 2548 Syracusanis
946 2464 1139 2530 indixerunt
1178 2464 1219 2530 ad

216 2551 302 2634 quod
324 2552 499 2637 gerendum
521 2553 590 2635 ipse
614 2553 678 2616 dux
700 2552 842 2617 delectus
866 2556 930 2635 est,
959 2553 1022 2617 duo
1049 2555 1219 2636 praeterea

180 2652 197 2700 ι
216 2638 358 2723 collegae
377 2639 454 2722 dati,
472 2637 568 2704 Nicia
586 2643 619 2703 et
632 2638 822 2705 Lamachus
853 2641 887 2704 id
905 2662 979 2705 curn
997 2644 1219 2725 appararetur,

215 2725 307 2809 prius
331 2747 428 2808 quam
451 2726 562 2791 classis
587 2727 697 2812 exiret,
720 2727 892 2792 aeciditt
855 2732 892 2792 ut
910 2750 974 2792 una
990 2733 1086 2794 nocte
1106 2749 1220 2793 omnes

215 2811 372 2897 Hermae,
404 2814 460 2896 qui
491 2814 526 2878 in
544 2815 683 2917 ..oppido
707 2820 800 2881 erant
830 2815 984 2900 Athenis,
1016 2817 1221 2882 deicerentur

214 2905 344 2984 praeter
366 2923 475 2986 unum,
499 2903 554 2985 qui
577 2904 683 2968 ante
674 2925 803 2968 renuam
826 2907 896 2968 erat
913 2902 1134 2970 Andocidit
1093 2902 1134 2990 (it
1136 2925 1219 2988 aque

179 2989 272 3053 cille
303 2993 418 3073 postea
447 2989 626 3056 Mercurius
653 2990 811 3056 Andocidi
843 2990 966 3056 vocitat
952 2995 1004 3057 tus
1037 2988 1110 3077 est).
1155 2991 1220 3058 hoc

215 3099 289 3142 cum
312 3083 482 3161 appareret
503 3100 569 3144 non
590 3080 658 3143 sine
677 3099 795 3165 magna
813 3078 990 3145 multorum
1008 3078 1219 3145 consensione

215 3185 286 3230 essa
308 3164 440 3250 factum,
464 3188 545 3250 quae
567 3188 633 3231 non
655 3167 695 3230 ad
717 3167 887 3251 privatam,
912 3168 969 3232 sed
991 3168 1031 3233 ad
1052 3167 1220 3252 publicam

214 3274 283 3318 rem
301 3254 486 3341 pertineret,
510 3274 646 3356 magnus
665 3254 759 3318 multi
762 3254 867 3319 tudini
885 3256 984 3320 timor
1001 3258 1052 3320 est
1070 3255 1219 3339 iniectus,

177 3342 801 3514 rtatthtlttthptdtt
820 3344 1220 3496 tsstlffltttllt

214 3515 417 3582 Alcibiadem
431 3518 609 3601 videbatur,
627 3519 713 3601 quod
727 3522 761 3582 et
778 3519 943 3603 potentior
957 3523 990 3582 at
1003 3520 1107 3583 maior
1121 3540 1219 3605 quam
