2528 4042
389 144 460 199 XVI.
480 143 685 200 PELOPIDAS.
712 150 737 200 5.
1020 145 1063 209 65

58 288 184 353 factum
205 309 381 371 numquam
403 289 511 354 animo
533 289 656 373 placari
677 289 785 373 potuit
802 289 837 354 in
855 312 937 374 eum,
961 311 1062 374 aquo

59 379 131 441 erat
153 375 303 440 violatus.
349 376 458 460 itaque
485 378 648 461 persuasit
669 376 830 442 Thebanis
857 382 895 442 ut
918 379 1062 444 subsidio

58 463 247 530 Thessaliae
278 464 557 547 proficiscerentur
586 469 803 549 tyrannosque
831 466 899 530 eius
926 467 1061 551 expelle

58 555 141 618 rent.
177 551 268 616 cuius
291 552 369 616 belli
387 574 461 618 oum
479 554 509 618 ei
528 575 654 618 summa
671 557 757 618 esset
775 553 851 618 data
869 575 970 636 eoque
988 577 1062 620 eum
1080 571 1098 620 3
1182 577 1185 584 ·

58 640 204 706 exercitu
227 638 392 722 profectus
415 645 510 725 esset,
531 663 598 707 non
619 641 796 726 dubitavit,
826 641 960 706 simulac
990 664 1063 707 con·

58 727 168 813 spexit
185 727 324 811 hostem,
348 729 529 815 confligere.
565 730 681 813 inquo
700 730 823 814 proelio
842 728 1062 794 Alexandrum
1080 746 1098 795 4

57 821 96 882 ut
119 815 358 900 animadvertit,
380 817 529 882 incensus
548 817 597 881 ira
616 839 735 901 equum
751 818 786 882 in
800 839 873 883 eum
887 817 1062 883 concitauit

58 904 238 989 proculque
261 903 423 990 digressus
443 927 463 969 a
481 905 548 970 suis
567 905 714 970 coniectu
735 906 874 971 telorum
893 905 1061 972 confossus

61 990 211 1058 concidit.
246 995 341 1075 atque
364 993 426 1057 hoc
445 993 583 1058 secunda
596 992 733 1058 uictoria
751 995 881 1060 accidit:
903 994 1062 1059 narniam
1185 988 1187 993 ’

60 1078 235 1146 inclinatae
258 1084 351 1144 erant
373 1085 585 1165 tyrannorum
608 1081 728 1164 copiae.
762 1103 825 1165 quo
843 1081 931 1147 iacto
951 1103 1061 1148 omnes
1081 1097 1097 1147 t

58 1167 247 1233 Thessaliae
284 1168 434 1232 civitates
470 1167 676 1234 interfectum
711 1167 900 1253 Pelopidam
936 1171 1061 1236 coronis

60 1255 170 1321 aureis
197 1260 231 1320 et
258 1256 376 1321 statuis
403 1257 510 1321 a‘e’neis
542 1256 725 1341 liberosque
752 1257 821 1323 eius
849 1257 953 1323 multo
983 1280 1062 1344 agro

61 1343 231 1409 donarunt

361 1645 472 1718 XVII.
500 1645 773 1720 AGESILAUS.
804 1703 805 1706 ,

151 1782 323 1869 Agesilaus
346 1781 618 1849 Lacedaemonius
645 1806 719 1850 cum
745 1805 764 1847 a
787 1783 902 1848 ceteris
929 1784 1100 1869 scripto-1

60 1871 154 1936 ribus
177 1875 248 1936 tum
271 1871 385 1935 eximie
405 1893 424 1935 a
446 1871 660 1956 Xenophonte
678 1869 843 1938 Socratico
862 1871 1062 1940 collaudatus

61 1964 128 2026 est:
151 1981 189 2024 eo
213 1959 299 2024 enim
322 1980 399 2024 usus
422 1964 472 2024 est
494 1959 754 2026 familiarissime.
790 1960 844 2025 hic
865 1961 1006 2044 primum
1025 1963 1098 2028 dea

60 2068 164 2134 regno
192 2069 265 2112 cum
291 2045 501 2133 Leotychide,
532 2048 643 2113 fratris
675 2049 756 2134 filio,
787 2049 902 2114 habuit
935 2054 1064 2116 conten·

62 2136 196 2200 tionem.
241 2156 312 2199 mos
339 2140 409 2200 erat
437 2137 522 2201 enim
550 2135 812 2202 Lacedaemoniis
841 2159 859 2201 a
886 2138 1062 2204 maioribus

62 2224 214 2307 traditus,
231 2226 270 2287 ut
282 2223 376 2289 binos
390 2225 547 2289 haberent
561 2246 686 2308 semper
700 2246 800 2310 reges,
815 2225 944 2289 nomine
958 2227 1063 2310 magis

64 2334 163 2396 quam
177 2311 321 2396 imperio,
335 2333 374 2378 ox
387 2312 511 2377 duabus
524 2311 657 2377 familiis
671 2311 779 2376 Procli
793 2316 826 2375 et
838 2310 1064 2398 Eurysthenis,

63 2400 122 2484 qui
144 2399 305 2483 principes
328 2421 366 2463 ex
387 2400 542 2486 progenie
564 2399 713 2464 Herculis
733 2397 868 2481 Spartae
887 2420 978 2483 reges
998 2399 1064 2464 fue-

64 2491 151 2552 runt.
183 2488 299 2552 horum
318 2509 357 2552 ex
375 2488 478 2552 altera
496 2489 530 2552 in
548 2487 681 2551 alterius
703 2485 845 2550 familiae
867 2486 975 2551 locum
993 2487 1064 2552 fieri
1082 2503 1098 2551 3

63 2597 131 2641 non
153 2575 285 2641 licebat:
307 2576 355 2640 ita
373 2597 467 2640 snum
485 2580 621 2659 utraque
639 2574 799 2639 retinebat
818 2574 970 2639 ordinem.
1001 2577 1064 2660 pri·

64 2685 156 2729 mum
187 2663 271 2728 ratio
302 2663 496 2749 habebatur,
528 2664 583 2747 qui
614 2663 771 2728 maximus
802 2668 882 2728 natu
913 2668 998 2728 esset
1025 2687 1064 2730 er

64 2751 177 2816 liberis
197 2752 274 2835 eius,
298 2753 353 2834 qui
377 2772 514 2839 regnans
533 2751 736 2835 decessisset3
758 2751 851 2816 sinis
865 2752 957 2816 virile
972 2774 1063 2818 secus

66 2859 135 2904 non
155 2840 353 2924 reliquisset,
382 2843 452 2904 tum
475 2840 689 2926 deligebatur,
712 2839 767 2922 qni
789 2840 954 2923 proximus
978 2844 1064 2904 esset

64 2927 318 3011 propinquitate.
354 2933 501 2994 mortuus
520 2930 590 2992 erat
603 2925 684 3014 Agis
703 2949 768 3012 rex,
789 2927 891 2991 frater
904 2925 1064 3013 Agesilai:
1081 2941 1099 2989 4

64 3014 171 3082 filium
193 3015 368 3099 reliquerat
389 3014 628 3101 Leotychidem.
669 3037 764 3099 quem
786 3015 841 3078 ille
863 3018 976 3079 natum
998 3035 1064 3079 non

66 3107 218 3189 agnorat,
246 3102 380 3167 eundem
407 3106 547 3169 moriens
575 3125 668 3169 suum
695 3125 764 3168 esse
792 3102 924 3166 dixerat.
968 3102 997 3166 is
1025 3101 1063 3166 de

65 3191 189 3257 honore
212 3190 303 3277 regni
327 3211 399 3255 curn
412 3190 574 3278 Agesilao,
596 3195 712 3276 patruo
736 3211 803 3274 suo,
825 3188 991 3254 contendit
1012 3210 1064 3253 ne-

66 3301 129 3363 que
159 3278 192 3343 id
221 3278 306 3363 quod
334 3278 450 3362 petivit
478 3285 666 3345 consecutus
694 3282 751 3342 est.
795 3298 872 3341 nam
897 3276 1100 3361 Lysandros

66 3366 275 3452 suffragante,
296 3366 436 3450 homine,
458 3370 496 3430 ut
518 3367 715 3433 ostendimus
739 3386 850 3449 supra,
871 3363 1008 3429 factioso
1031 3368 1064 3430 et

66 3455 109 3520 iis
133 3455 334 3538 temporibus
357 3457 499 3540 potente,
520 3453 691 3540 Agesilaus
715 3453 874 3518 antelatus
897 3456 955 3518 est.

122 3565 138 3607 c
141 3576 259 3609 ssssss
272 3567 292 3609 r
293 3577 361 3610 22222
890 3560 906 3614 5
