2528 4042
143 189 187 253 50
461 186 534 240 XIV.
553 186 735 241 DATAMES.
763 194 788 241 3.
807 193 833 243 4.

143 333 294 397 abierat
320 354 390 415 rex,
417 332 507 397 venit
536 336 733 417 posteroque
756 331 807 398 die
829 331 958 419 Thuyn,
984 333 1153 399 hominem

144 420 277 485 maximi
301 421 445 505 corporis
474 421 677 505 terribilique
705 421 802 506 facie,
833 422 917 505 quod
945 425 978 486 et
1000 423 1097 508 niger
1121 427 1154 488 et

145 509 262 592 capillo
290 510 389 596 longo
416 511 582 593 barbaque
609 512 680 573 erat
706 508 881 594 promissa,
909 511 1033 594 optima
1060 515 1155 575 veste

145 598 236 684 texit,
260 621 358 683 quam
381 602 529 681 satrapae
552 597 636 682 regii
659 617 770 683 gerere
794 602 997 684 consuerant,
1022 599 1157 664 ornavit

145 687 245 751 etiam
277 692 392 771 torque
424 690 521 769 atque
554 685 690 749 armillis
723 686 830 750 aureis
859 690 1029 771 ceteroque
1059 688 1156 773 regio

109 777 250 861 scultu3
272 776 340 859 ipse
364 774 486 859 agresti
509 773 630 857 duplici
653 773 793 839 amiculo
814 773 1032 840 circumdatus
1051 775 1154 840 hirta

146 886 207 948 que
226 864 344 946 tunica,
363 882 477 947 gerens
497 862 532 926 in
546 862 652 945 capite
666 862 795 948 galeam
808 863 1019 948 venatoriam,
1038 864 1157 929 dextra

146 974 243 1016 manu
266 951 403 1034 clavam,
427 950 560 1015 sinistra
583 951 747 1035 copulam,
776 950 825 1014 ita
847 951 993 1015 vinctum
1016 956 1094 1017 ante
1119 975 1155 1017 se

146 1040 313 1122 Thuynem
337 1039 465 1124 agebat,
487 1044 525 1103 ut
544 1039 572 1104 si
590 1039 693 1104 feram
711 1039 851 1103 bestiam
866 1044 995 1123 captam
1010 1040 1155 1105 duceret.

109 1146 126 1194 a
146 1148 316 1211 quaecum
334 1149 445 1192 omnes
464 1128 646 1212 aspicerent
665 1131 800 1212 propter
816 1127 997 1192 novitatem
1016 1134 1154 1194 ornatus

145 1216 357 1299 ignotamque
388 1215 528 1280 formam
557 1217 597 1280 ob
627 1238 761 1299 eamque
793 1238 862 1280 rem
894 1237 1031 1302 magnus
1064 1222 1155 1283 esset

146 1325 329 1387 concursus,
359 1303 424 1368 fuit
444 1325 606 1367 nonnemo
635 1305 692 1386 qui
715 1308 906 1388 agnosceret
928 1305 1046 1390 Thuyn
1068 1307 1153 1392 regi·

109 1410 207 1475 aque
229 1391 405 1456 nuntiaret.
445 1391 551 1475 primo
578 1413 645 1455 non
671 1392 845 1456 accredidit
874 1393 986 1474 itaque
1008 1393 1154 1458 Pharna-

144 1482 261 1544 bazum
284 1479 375 1544 misit
398 1479 609 1563 exploratum.
646 1501 666 1542 a
684 1500 747 1563 quo
765 1483 803 1541 ut
821 1500 891 1542 rem
913 1484 1041 1563 gestam
1065 1503 1154 1546 com-

144 1569 244 1654 perit,
272 1569 385 1632 statim
413 1567 542 1632 admitti
569 1568 678 1652 iussit,
708 1588 826 1652 magno
850 1587 946 1650 opere
969 1567 1155 1634 delectatus

146 1681 219 1724 cum
242 1657 329 1722 facto
357 1662 429 1722 tum
456 1661 586 1741 ornatu,
613 1655 761 1741 inprimis
785 1655 871 1739 quod
892 1654 1012 1719 nobilis
1035 1677 1092 1718 rex
1116 1659 1155 1722 in

111 1764 127 1813 5
145 1750 345 1832 potestatem
367 1746 551 1830 inopinanti
573 1749 714 1810 venerat
758 1744 870 1827 itaque
893 1742 1063 1828 magnifice
1085 1742 1155 1807 Da-

146 1840 256 1900 tamen
279 1834 435 1900 donatum
458 1835 499 1898 ad
522 1834 698 1899 exercitum
720 1833 824 1917 misit,
852 1831 1002 1915 quitum
1025 1835 1156 1896 contra·

145 1925 285 1988 hebatur
317 1922 396 1987 (11111
428 1921 638 1986 Pharnabazo
671 1925 705 1986 et
733 1921 923 1985 Tithrauste
954 1920 995 1984 ad
1026 1920 1154 1985 bellum

146 2010 355 2095 Aegyptium,
373 2009 507 2093 parique
522 2031 595 2074 eum
610 2013 707 2092 atque
720 2009 795 2073 illos
809 2008 946 2091 imperio
961 2029 1031 2072 esse
1045 2008 1155 2074 iussit.

145 2103 261 2183 postca
289 2118 366 2161 vero
399 2119 496 2181 quam
524 2096 772 2161 Pharnabazum
804 2117 860 2160 rex
891 2096 1070 2181 revocarit,
1102 2097 1153 2161 illi

147 2207 274 2251 summa
296 2184 424 2269 imperii
447 2185 570 2249 tradita
593 2189 652 2250 est.

114 2279 133 2343 4
233 2273 297 2339 Hic
325 2296 398 2339 cum
426 2274 567 2338 maximo
599 2272 706 2338 studio
739 2276 942 2357 compararet
974 2273 1152 2338 exercitum

147 2364 398 2451 Aegyptumque
416 2362 579 2446 proficisci
597 2365 736 2447 pararet,
760 2362 869 2426 subito
888 2384 907 2425 a
925 2382 1002 2448 rege
1020 2362 1152 2426 litterae

147 2458 225 2518 sunt
252 2453 282 2518 ei
309 2452 440 2537 missae,
467 2455 505 2516 ut
531 2449 648 2535 Aspim
676 2450 919 2536 aggrederetur,
952 2450 1008 2533 qui
1035 2448 1153 2514 Catao

146 2543 236 2607 niam
263 2541 409 2605 tenebat:
446 2561 527 2623 quae
555 2559 634 2624 gens
662 2539 747 2604 iacet
769 2561 867 2623 supra
889 2535 1051 2622 Ciliciam,
1079 2559 1153 2603 con·

112 2648 128 2696 2
146 2630 220 2694 finis
240 2627 470 2712 Cappadociae.
503 2649 642 2711 namque
657 2626 765 2713 Aspis,
788 2627 967 2691 saltuosam
984 2627 1152 2712 regionem

21 2783 24 2790 ,
148 2717 354 2800 castellisque
386 2717 546 2780 munitam
578 2717 737 2800 incolens,
773 2736 839 2780 non
871 2716 977 2779 solum
1013 2715 1154 2799 imperio

147 2806 234 2891 regis
257 2827 323 2870 non
344 2805 489 2889 parebat,
513 2804 568 2870 sed
591 2805 690 2869 etiam
712 2804 868 2868 finitimas
891 2803 1041 2889 regiones
1059 2825 1153 2868 vexa·

110 2897 206 2962 abat
238 2897 271 2958 ct
303 2915 384 2977 quae
414 2893 484 2979 regi
515 2897 723 2978 portarentur
754 2892 946 2975 abripiebat.
994 2891 1153 2957 Datames

148 2983 211 3048 etsi
236 2982 333 3068 longe
362 2984 474 3047 aberat
502 2983 543 3046 ab
575 2982 616 3046 iis
644 2980 831 3066 regionibus
860 2984 894 3044 et
920 3003 940 3045 a
967 2981 1090 3045 maiore
1118 3002 1154 3045 re

148 3071 408 3155 abstrahebatur,
427 3075 536 3135 tamen
554 3071 641 3155 regis
655 3068 817 3134 voluntati
834 3090 958 3135 morem
975 3069 1152 3154 gerendum

147 3160 285 3246 putavit.
321 3160 431 3243 itaque
455 3181 528 3224 cum
551 3158 672 3242 paucis,
695 3157 750 3222 sed
773 3157 851 3222 viris
873 3157 1013 3223 fortibus
1036 3179 1153 3223 navem

148 3248 348 3333 conscendit,
376 3247 578 3330 existimans,
606 3245 692 3330 quod
719 3245 853 3331 accidit,
882 3246 1009 3310 facilius
1032 3268 1068 3312 se
1096 3247 1154 3311 im·

148 3337 339 3421 prudentem
366 3358 467 3420 parva
493 3357 591 3400 manu
620 3357 849 3419 oppressurum
877 3356 974 3418 quam
1001 3339 1154 3418 paratum

109 3426 296 3508 cquamris
328 3445 447 3510 magno
480 3423 632 3488 exercitu.
678 3424 740 3489 hac
772 3423 897 3488 delatus
929 3423 964 3486 in
995 3421 1156 3508 Ciliciam,

148 3533 297 3598 egressus
329 3513 421 3597 inde,
455 3512 522 3577 dies
554 3515 731 3598 noctesque
762 3512 825 3576 iter
856 3511 977 3576 faciens
1009 3512 1153 3578 Taurum
