2528 4042
411 179 509 235 XVIII.
527 179 706 238 EUMENES.
735 186 811 239 3-5.
1069 183 1111 248 73

111 323 262 477 plicaret,
252 345 352 408 ,quo
379 324 453 409 plus
476 325 618 410 valebat,
645 347 741 409 quam
768 326 927 411 peditatu,
956 349 1019 411 quo
1043 333 1113 393 erat

134 415 262 477 et.enor

201 498 347 576 Quorum
370 500 525 565 acerrimo
550 521 707 566 concursu
725 523 798 566 cum
816 524 968 588 magnam
985 510 1059 588 part
1060 527 1111 571 em
1129 506 1152 570 4

110 587 176 654 diei
199 592 287 653 esset
313 592 506 673 pugnatum,
534 589 620 655 cedit
642 588 720 656 Crat
706 593 793 655 teros
821 591 885 654 dux
912 595 946 656 et
968 589 1111 676 Neopto

109 677 225 761 lemus,
249 675 304 760 qui
327 677 500 742 secundum
517 677 651 742 locum
642 678 770 779 lmperii
788 679 928 744 tenebat.
959 701 1031 745 cum
1049 680 1112 746 hoc

110 764 312 830 concurrit
302 786 372 849 rpse
394 764 563 830 Eumenes.
609 765 665 849 qui
688 787 760 831 oum
786 766 873 832 inter
895 788 929 832 se
953 769 1146 851 complexis

109 853 146 917 in
168 857 290 916 terram
313 874 352 917 ex
374 853 465 936 equis
483 853 685 938 decidissent,
706 858 745 918 ut
762 853 926 919 facile't
876 877 911 919 m
911 855 1023 957 tellegi
1031 877 1112 1008 pos·

111 940 213 1005 sent
203 939 335 1005 mimica
352 944 460 1006 mente
480 945 555 1006 cont
541 941 682 1006 tendisse
701 943 872 1044 animoque
890 944 996 1028 magis
1012 965 1029 1008 e
1031 944 1112 1008 tiam

111 1048 274 1114 pugnasse
308 1050 404 1111 quam
436 1050 587 1112 corpore,
622 1051 687 1094 non
723 1030 837 1113 prius
847 1030 911 1095 dist
897 1031 995 1096 tracti
1027 1035 1112 1117 sunt,

112 1137 210 1200 quam
228 1117 366 1182 alterum
384 1116 491 1181 anima
504 1117 708 1199 relinqueret.
731 1118 772 1182 ab
790 1118 852 1183 hoc
867 1119 992 1202 aliquot
1004 1082 1112 1206 plagis,

109 1203 273 1270 Eumenes
301 1204 501 1289 vulneratur,
526 1226 631 1306 nsque
658 1227 695 1270 eo
719 1206 823 1290 magis
847 1228 886 1271 ex
915 1207 1038 1290 proelio
1062 1229 1112 1273 ex·

111 1292 224 1376 cessit,
252 1291 308 1357 sed
336 1293 440 1356 acrius
467 1292 651 1358 hostesins
653 1293 731 1358 titit.
776 1294 829 1358 hic
853 1294 1016 1377 equitibus
1039 1310 1147 1381 pro-a

112 1379 249 1467 fligatis,
276 1379 448 1445 interfecto
472 1380 551 1446 duce
574 1379 722 1466 Cratero,
749 1382 842 1446 mult
818 1386 861 1447 ιιι
888 1387 1057 1466 praeterea
1079 1389 1112 1450 et

114 1468 250 1534 maxime
272 1468 436 1532 nobilibus
459 1469 562 1553 captis
585 1470 734 1553 pedester
762 1471 936 1556 exercitus,
966 1472 1088 1555 quod
1078 1495 1113 1536 m

114 1577 153 1621 ea
177 1556 248 1622 loca
276 1560 346 1620 erat
373 1556 541 1642 deductus,
572 1560 610 1621 ut
635 1557 739 1621 invito
762 1557 907 1624 Eumene
935 1559 1021 1624 elabi
1047 1580 1113 1623 non

109 1648 236 1729 posset,
262 1666 375 1728 pacem
398 1645 438 1708 ab
462 1666 499 1709 eo
522 1644 626 1728 petiit.
673 1666 769 1728 quem
796 1667 869 1711 cum
895 1647 1112 1731 impetrasset,

108 1732 146 1797 in
168 1732 230 1797 fide
252 1754 318 1796 ιιοιι
340 1732 460 1796 mansit
482 1735 515 1796 et
537 1753 587 1817 se,
617 1732 751 1798 simuiao
773 1733 892 1818 potuit,
915 1733 955 1797 ed
978 1732 1109 1818 Antipa-

108 1824 201 1885 trum
223 1819 352 1904 recepit
392 1818 553 1885 Eumenes
576 1818 746 1886 Craterum
769 1843 807 1886 ex
832 1821 900 1886 acie
923 1821 1147 1886 semivivumd

109 1908 236 1973 elatum
257 1929 401 1974 recreare
424 1907 563 1992 studuit,
594 1930 668 1972 eum
689 1908 724 1973 id
744 1931 811 1974 non
832 1912 953 2010 posset,
975 1929 1034 1994 pro
1057 1909 1113 1974 ho·

109 1996 209 2061 minis
232 1995 372 2082 dignit
374 2017 391 2060 e
413 2013 539 2080 proque
558 1996 699 2081 pristina
721 1996 866 2062 amicitia
884 1960 1037 2084 (namque
1054 1997 1112 2063 illo

108 2105 190 2149 usus
218 2086 289 2149 erat
311 2083 494 2149 Alexandro
521 2083 594 2149 vivo
622 2083 792 2150 familiarit
777 2082 841 2172 ter)
864 2086 973 2171 amplo
1000 2084 1112 2152 funere

110 2171 231 2237 extulit
258 2192 394 2254 ossaque
422 2172 457 2236 ιιι
478 2169 701 2237 Macedoniam
727 2173 822 2238 uxori
849 2174 918 2239 eius
941 2195 978 2239 ao
1000 2175 1112 2238 liberis

109 2260 249 2326 remisit.

199 2347 289 2412 Haec
309 2347 385 2411 dum
399 2347 483 2431 apud
497 2347 746 2431 Hellespontum
760 2351 925 2432 geruntur,
942 2347 1111 2412 Perdiccas
1130 2345 1152 2412 5

112 2436 198 2521 apud
212 2434 325 2499 Nilum
347 2435 467 2500 flumen
489 2435 684 2500 interficitur
703 2457 722 2499 a
741 2432 875 2500 Seleuco
894 2439 928 2499 et
940 2434 1113 2520 Antigene,

111 2543 284 2607 rerumque
315 2545 441 2588 summa
472 2523 512 2586 ad
539 2522 751 2607 Antipatrum
782 2522 933 2588 defertur.
976 2523 1030 2587 hic
1058 2524 1112 2606 qui

110 2632 175 2678 aon
202 2611 420 2696 deseruerant,
452 2611 594 2676 exercitu
627 2610 815 2696 suffragium
845 2610 969 2676 ferente
997 2611 1112 2696 capitis

112 2701 265 2766 absentes
281 2699 483 2783 damnentur,
505 2699 540 2763 in
558 2699 605 2764 eis
623 2698 794 2764 Eumenes.
830 2698 891 2765 hac
913 2700 969 2764 ille
990 2701 1113 2783 percul-

114 2808 168 2853 sus
195 2787 293 2872 plaga
318 2809 385 2852 non
412 2787 582 2853 succubuit
604 2808 707 2870 neque
731 2808 768 2852 eo
792 2788 893 2852 setius
915 2788 1038 2853 bellum
1061 2789 1113 2853 ad·

114 2875 320 2940 ministramt
361 2876 416 2940 sed
439 2875 538 2941 exiles
565 2896 617 2940 res
641 2875 740 2938 animi
763 2875 1027 2960 magnitudinem,
1050 2877 1113 2940 etsi

111 2984 179 3028 non
200 2963 409 3048 frangebant,
438 2967 547 3028 tamen
569 2963 766 3027 minuebant.
810 2963 896 3028 hunc
918 2976 1148 3047 persequensx

111 3050 192 3116 Ant
167 3055 318 3152 t1gonus,
354 3071 426 3114 cum
459 3053 547 3116 omni
578 3072 699 3142 genere
731 3051 895 3135 copiarum
928 3051 1113 3135 abundaret,

112 3160 209 3224 saepe
232 3139 267 3203 in
289 3138 460 3202 itineribus
483 3137 621 3205 vexabat
622 3161 670 3223 ur,
691 3160 795 3222 neque
817 3161 972 3223 umquam
990 3138 1030 3202 ad
1048 3160 1112 3203 ma-

111 3249 192 3293 num
211 3226 360 3292 accedere
379 3224 543 3290 beabat
511 3227 575 3291 msi
588 3227 629 3292 iis
643 3227 733 3311 locis,
756 3228 873 3310 quibus
886 3228 981 3310 pauci
1000 3225 1112 3290 multis

112 3319 251 3400 possent
267 3313 365 3380 resist
367 3334 428 3378 ere.
465 3313 520 3378 sed
538 3318 682 3380 extremo
705 3319 860 3399 tempore,
882 3335 956 3379 oum
978 3313 1146 3379 consilioe

113 3404 187 3488 capi
199 3425 265 3468 non
278 3405 399 3487 posset,
412 3401 619 3467 multitudine
634 3403 821 3467 circumitus
835 3406 893 3467 est.
915 3402 991 3466 hinc
1005 3407 1114 3467 tamen

110 3491 227 3558 multis
251 3491 317 3556 suis
341 3489 469 3555 amissis
492 3510 527 3555 ss
545 3491 706 3573 expedivit
724 3494 757 3555 et
774 3490 809 3555 in
827 3490 996 3556 castellum
1013 3489 1114 3575 Phry·
