<?xml version="1.0" encoding="UTF-8"?>
<!DOCTYPE html PUBLIC "-//W3C//DTD XHTML 1.0 Transitional//EN"
    "http://www.w3.org/TR/xhtml1/DTD/xhtml1-transitional.dtd">
<html xmlns="http://www.w3.org/1999/xhtml" xml:lang="en" lang="en">
 <head>
  <title>
</title>
<meta http-equiv="Content-Type" content="text/html;charset=utf-8" />
  <meta name='ocr-system' content='tesseract 3.04.00' />
  <meta name='ocr-capabilities' content='ocr_page ocr_carea ocr_par ocr_line ocrx_word'/>
</head>
<body>
  <div class='ocr_page' id='page_1' title='image "./corneliinepotis01halmgoog_0058.png"; bbox 0 0 2528 4042; ppageno 0'>
   <div class='ocr_carea' id='block_1_1' title="bbox 366 204 1073 270">
    <p class='ocr_par' dir='ltr' id='par_1_1' title="bbox 366 204 1073 270">
     <span class='ocr_line' id='line_1_1' title="bbox 366 204 1073 270; baseline 0.016 -12"><span class='ocrx_word' id='word_1_1' title='bbox 366 204 412 258; x_wconf 91' lang='lat' dir='ltr'>XI.</span> <span class='ocrx_word' id='word_1_2' title='bbox 431 204 657 261; x_wconf 80' lang='lat' dir='ltr'>IPHICRATES.</span> <span class='ocrx_word' id='word_1_3' title='bbox 686 212 755 260; x_wconf 85' lang='lat' dir='ltr'>1-s</span> <span class='ocrx_word' id='word_1_4' title='bbox 1029 205 1073 270; x_wconf 83' lang='lat'>43</span> 
     </span>
    </p>
   </div>
   <div class='ocr_carea' id='block_1_2' title="bbox 63 346 1213 702">
    <p class='ocr_par' dir='ltr' id='par_1_2' title="bbox 63 346 1213 702">
     <span class='ocr_line' id='line_1_2' title="bbox 63 346 1073 435; baseline 0.004 -21"><span class='ocrx_word' id='word_1_5' title='bbox 63 349 149 414; x_wconf 87' lang='lat' dir='ltr'>male</span> <span class='ocrx_word' id='word_1_6' title='bbox 173 371 242 414; x_wconf 88' lang='lat' dir='ltr'>rem</span> <span class='ocrx_word' id='word_1_7' title='bbox 266 351 385 435; x_wconf 91' lang='lat' dir='ltr'>gessit,</span> <span class='ocrx_word' id='word_1_8' title='bbox 408 372 535 433; x_wconf 91' lang='lat' dir='ltr'>semper</span> <span class='ocrx_word' id='word_1_9' title='bbox 559 346 694 415; x_wconf 91' lang='lat' dir='ltr'>consilio</span> <span class='ocrx_word' id='word_1_10' title='bbox 717 350 796 415; x_wconf 87' lang='lat' dir='ltr'>vicit</span> <span class='ocrx_word' id='word_1_11' title='bbox 818 354 1011 435; x_wconf 90' lang='lat' dir='ltr'>tantumque</span> <span class='ocrx_word' id='word_1_12' title='bbox 1034 373 1073 418; x_wconf 88' lang='lat' dir='ltr'>eo</span> 
     </span>
     <span class='ocr_line' id='line_1_3' title="bbox 63 437 1072 523; baseline 0.002 -20"><span class='ocrx_word' id='word_1_13' title='bbox 63 440 178 521; x_wconf 88' lang='lat' dir='ltr'>valuit,</span> <span class='ocrx_word' id='word_1_14' title='bbox 201 442 239 501; x_wconf 94' lang='lat' dir='ltr'>ut</span> <span class='ocrx_word' id='word_1_15' title='bbox 262 439 367 502; x_wconf 89' lang='lat' dir='ltr'>multa</span> <span class='ocrx_word' id='word_1_16' title='bbox 389 438 424 501; x_wconf 91' lang='lat' dir='ltr'>in</span> <span class='ocrx_word' id='word_1_17' title='bbox 446 460 482 503; x_wconf 86' lang='lat' dir='ltr'>re</span> <span class='ocrx_word' id='word_1_18' title='bbox 505 437 642 502; x_wconf 83' lang='lat' dir='ltr'>militari</span> <span class='ocrx_word' id='word_1_19' title='bbox 664 438 785 522; x_wconf 83' lang='lat' dir='ltr'>partim</span> <span class='ocrx_word' id='word_1_20' title='bbox 807 460 892 504; x_wconf 86' lang='lat' dir='ltr'>nova</span> <span class='ocrx_word' id='word_1_21' title='bbox 914 440 1072 523; x_wconf 89' lang='lat' dir='ltr'>attulerit,</span> 
     </span>
     <span class='ocr_line' id='line_1_4' title="bbox 63 525 1213 611; baseline 0.002 -20"><span class='ocrx_word' id='word_1_22' title='bbox 63 527 186 611; x_wconf 89' lang='lat' dir='ltr'>partim</span> <span class='ocrx_word' id='word_1_23' title='bbox 210 526 346 607; x_wconf 76' lang='lat' dir='ltr'>meliora</span> <span class='ocrx_word' id='word_1_24' title='bbox 372 525 498 591; x_wconf 85' lang='lat' dir='ltr'>fecerit.</span> <span class='ocrx_word' id='word_1_25' title='bbox 543 548 682 610; x_wconf 88' lang='lat' dir='ltr'>namque</span> <span class='ocrx_word' id='word_1_26' title='bbox 709 527 765 591; x_wconf 88' lang='lat' dir='ltr'>ille</span> <span class='ocrx_word' id='word_1_27' title='bbox 792 528 955 611; x_wconf 79' lang='lat' dir='ltr'>pedestria</span> <span class='ocrx_word' id='word_1_28' title='bbox 983 543 1108 593; x_wconf 71' lang='lat' dir='ltr'>armas</span> <span class='ocrx_word' id='word_1_29' title='bbox 1210 603 1213 608; x_wconf 25' lang='lat'><em>¹</em></span> 
     </span>
     <span class='ocr_line' id='line_1_5' title="bbox 63 614 1073 702; baseline 0.001 -22"><span class='ocrx_word' id='word_1_30' title='bbox 63 615 214 680; x_wconf 85' lang='lat' dir='ltr'>mutavit.</span> <span class='ocrx_word' id='word_1_31' title='bbox 248 636 322 678; x_wconf 91' lang='lat' dir='ltr'>cum</span> <span class='ocrx_word' id='word_1_32' title='bbox 336 618 411 678; x_wconf 89' lang='lat' dir='ltr'>ante</span> <span class='ocrx_word' id='word_1_33' title='bbox 429 615 523 678; x_wconf 92' lang='lat' dir='ltr'>illum</span> <span class='ocrx_word' id='word_1_34' title='bbox 541 614 773 698; x_wconf 76' lang='lat' dir='ltr'>imperatorem</span> <span class='ocrx_word' id='word_1_35' title='bbox 787 615 936 680; x_wconf 90' lang='lat' dir='ltr'>maximis</span> <span class='ocrx_word' id='word_1_36' title='bbox 952 616 1073 702; x_wconf 80' lang='lat' dir='ltr'>clipeis,</span> 
     </span>
    </p>
   </div>
   <div class='ocr_carea' id='block_1_3' title="bbox 61 702 1126 3610">
    <p class='ocr_par' dir='ltr' id='par_1_3' title="bbox 61 702 1126 1493">
     <span class='ocr_line' id='line_1_6' title="bbox 62 702 1109 788; baseline 0.001 -20"><span class='ocrx_word' id='word_1_37' title='bbox 62 705 216 768; x_wconf 82' lang='lat' dir='ltr'>brevibus</span> <span class='ocrx_word' id='word_1_38' title='bbox 240 703 356 787; x_wconf 91' lang='lat' dir='ltr'>hastis,</span> <span class='ocrx_word' id='word_1_39' title='bbox 379 703 513 767; x_wconf 90' lang='lat' dir='ltr'>minutis</span> <span class='ocrx_word' id='word_1_40' title='bbox 537 702 655 788; x_wconf 83' lang='lat' dir='ltr'>gladiis</span> <span class='ocrx_word' id='word_1_41' title='bbox 679 707 858 787; x_wconf 89' lang='lat' dir='ltr'>uterentur,</span> <span class='ocrx_word' id='word_1_42' title='bbox 881 703 936 768; x_wconf 90' lang='lat' dir='ltr'>ille</span> <span class='ocrx_word' id='word_1_43' title='bbox 960 726 978 768; x_wconf 91' lang='lat' dir='ltr'>e</span> <span class='ocrx_word' id='word_1_44' title='bbox 1001 719 1109 769; x_wconf 79' lang='lat' dir='ltr'>con-4</span> 
     </span>
     <span class='ocr_line' id='line_1_7' title="bbox 61 787 1073 877; baseline 0.001 -21"><span class='ocrx_word' id='word_1_45' title='bbox 61 792 166 857; x_wconf 89' lang='lat' dir='ltr'>trario</span> <span class='ocrx_word' id='word_1_46' title='bbox 190 791 315 875; x_wconf 90' lang='lat' dir='ltr'>peltam</span> <span class='ocrx_word' id='word_1_47' title='bbox 336 813 396 876; x_wconf 93' lang='lat' dir='ltr'>pro</span> <span class='ocrx_word' id='word_1_48' title='bbox 415 812 529 874; x_wconf 90' lang='lat' dir='ltr'>parma</span> <span class='ocrx_word' id='word_1_49' title='bbox 546 791 625 856; x_wconf 87' lang='lat' dir='ltr'>fecit</span> <span class='ocrx_word' id='word_1_50' title='bbox 644 787 678 877; x_wconf 88' lang='lat' dir='ltr'>(a</span> <span class='ocrx_word' id='word_1_51' title='bbox 696 812 760 874; x_wconf 93' lang='lat' dir='ltr'>quo</span> <span class='ocrx_word' id='word_1_52' title='bbox 778 795 895 875; x_wconf 87' lang='lat' dir='ltr'>postea</span> <span class='ocrx_word' id='word_1_53' title='bbox 912 792 1073 875; x_wconf 87' lang='lat' dir='ltr'>peltastae</span> 
     </span>
     <span class='ocr_line' id='line_1_8' title="bbox 61 878 1074 966; baseline -0.001 -21"><span class='ocrx_word' id='word_1_54' title='bbox 61 882 190 966; x_wconf 78' lang='lat' dir='ltr'>pedites</span> <span class='ocrx_word' id='word_1_55' title='bbox 204 879 351 962; x_wconf 82' lang='lat' dir='ltr'>appellati</span> <span class='ocrx_word' id='word_1_56' title='bbox 368 883 448 957; x_wconf 80' lang='lat' dir='ltr'>suat,</span> <span class='ocrx_word' id='word_1_57' title='bbox 470 880 525 961; x_wconf 77' lang='lat' dir='ltr'>qui</span> <span class='ocrx_word' id='word_1_58' title='bbox 546 883 639 947; x_wconf 79' lang='lat' dir='ltr'>anteo</span> <span class='ocrx_word' id='word_1_59' title='bbox 655 878 788 961; x_wconf 75' lang='lat' dir='ltr'>hoplitae</span> <span class='ocrx_word' id='word_1_60' title='bbox 802 878 1074 965; x_wconf 77' lang='lat' dir='ltr'>appellabantur),</span> 
     </span>
     <span class='ocr_line' id='line_1_9' title="bbox 63 968 1073 1053; baseline -0.002 -20"><span class='ocrx_word' id='word_1_61' title='bbox 63 974 103 1033; x_wconf 91' lang='lat' dir='ltr'>ut</span> <span class='ocrx_word' id='word_1_62' title='bbox 127 968 167 1032; x_wconf 90' lang='lat' dir='ltr'>ad</span> <span class='ocrx_word' id='word_1_63' title='bbox 189 972 298 1032; x_wconf 90' lang='lat' dir='ltr'>motus</span> <span class='ocrx_word' id='word_1_64' title='bbox 319 988 558 1049; x_wconf 82' lang='lat' dir='ltr'>concursusque</span> <span class='ocrx_word' id='word_1_65' title='bbox 578 971 686 1032; x_wconf 87' lang='lat' dir='ltr'>essent</span> <span class='ocrx_word' id='word_1_66' title='bbox 704 969 851 1053; x_wconf 84' lang='lat' dir='ltr'>leviores,</span> <span class='ocrx_word' id='word_1_67' title='bbox 874 968 988 1033; x_wconf 87' lang='lat' dir='ltr'>hastae</span> <span class='ocrx_word' id='word_1_68' title='bbox 1008 989 1073 1031; x_wconf 93' lang='lat' dir='ltr'>mo·</span> 
     </span>
     <span class='ocr_line' id='line_1_10' title="bbox 65 1051 1126 1142; baseline -0.001 -20"><span class='ocrx_word' id='word_1_69' title='bbox 65 1057 143 1122; x_wconf 89' lang='lat' dir='ltr'>dum</span> <span class='ocrx_word' id='word_1_70' title='bbox 169 1056 359 1140; x_wconf 82' lang='lat' dir='ltr'>duplicavit,</span> <span class='ocrx_word' id='word_1_71' title='bbox 392 1055 518 1141; x_wconf 86' lang='lat' dir='ltr'>gladios</span> <span class='ocrx_word' id='word_1_72' title='bbox 546 1055 710 1141; x_wconf 81' lang='lat' dir='ltr'>longiores</span> <span class='ocrx_word' id='word_1_73' title='bbox 732 1055 821 1121; x_wconf 88' lang='lat' dir='ltr'>fecit.</span> <span class='ocrx_word' id='word_1_74' title='bbox 861 1056 948 1120; x_wconf 93' lang='lat' dir='ltr'>idem</span> <span class='ocrx_word' id='word_1_75' title='bbox 971 1077 1073 1142; x_wconf 88' lang='lat' dir='ltr'>genus</span> <span class='ocrx_word' id='word_1_76' title='bbox 1123 1051 1126 1056; x_wconf 69' lang='grc'><strong>’</strong></span> 
     </span>
     <span class='ocr_line' id='line_1_11' title="bbox 64 1145 1072 1228; baseline 0.001 -20"><span class='ocrx_word' id='word_1_77' title='bbox 64 1145 240 1210; x_wconf 87' lang='lat' dir='ltr'>loricarum</span> <span class='ocrx_word' id='word_1_78' title='bbox 266 1164 378 1209; x_wconf 73' lang='lat' dir='ltr'>noram</span> <span class='ocrx_word' id='word_1_79' title='bbox 405 1145 541 1208; x_wconf 77' lang='lat' dir='ltr'>instituit</span> <span class='ocrx_word' id='word_1_80' title='bbox 567 1148 599 1207; x_wconf 90' lang='lat' dir='ltr'>et</span> <span class='ocrx_word' id='word_1_81' title='bbox 626 1165 686 1227; x_wconf 92' lang='lat' dir='ltr'>pro</span> <span class='ocrx_word' id='word_1_82' title='bbox 714 1145 810 1208; x_wconf 87' lang='lat' dir='ltr'>sertis</span> <span class='ocrx_word' id='word_1_83' title='bbox 839 1147 937 1228; x_wconf 89' lang='lat' dir='ltr'>atque</span> <span class='ocrx_word' id='word_1_84' title='bbox 965 1145 1072 1211; x_wconf 71' lang='lat' dir='ltr'>atneis</span> 
     </span>
     <span class='ocr_line' id='line_1_12' title="bbox 64 1231 1074 1315; baseline -0.001 -18"><span class='ocrx_word' id='word_1_85' title='bbox 64 1234 182 1298; x_wconf 90' lang='lat' dir='ltr'>linteas</span> <span class='ocrx_word' id='word_1_86' title='bbox 206 1233 303 1296; x_wconf 86' lang='lat' dir='ltr'>dedit.</span> <span class='ocrx_word' id='word_1_87' title='bbox 341 1253 404 1314; x_wconf 93' lang='lat' dir='ltr'>quo</span> <span class='ocrx_word' id='word_1_88' title='bbox 423 1231 512 1296; x_wconf 90' lang='lat' dir='ltr'>facto</span> <span class='ocrx_word' id='word_1_89' title='bbox 536 1232 752 1315; x_wconf 84' lang='lat' dir='ltr'>expeditiores</span> <span class='ocrx_word' id='word_1_90' title='bbox 776 1232 897 1297; x_wconf 88' lang='lat' dir='ltr'>milites</span> <span class='ocrx_word' id='word_1_91' title='bbox 920 1233 1074 1298; x_wconf 88' lang='lat' dir='ltr'>reddidit:</span> 
     </span>
     <span class='ocr_line' id='line_1_13' title="bbox 64 1320 1073 1407; baseline 0 -21"><span class='ocrx_word' id='word_1_92' title='bbox 64 1344 143 1386; x_wconf 88' lang='lat' dir='ltr'>nam</span> <span class='ocrx_word' id='word_1_93' title='bbox 164 1321 304 1405; x_wconf 90' lang='lat' dir='ltr'>pondere</span> <span class='ocrx_word' id='word_1_94' title='bbox 328 1320 490 1403; x_wconf 90' lang='lat' dir='ltr'>detracto,</span> <span class='ocrx_word' id='word_1_95' title='bbox 514 1320 600 1404; x_wconf 91' lang='lat' dir='ltr'>quod</span> <span class='ocrx_word' id='word_1_96' title='bbox 624 1342 724 1404; x_wconf 87' lang='lat' dir='ltr'>aeque</span> <span class='ocrx_word' id='word_1_97' title='bbox 749 1342 866 1405; x_wconf 89' lang='lat' dir='ltr'>corpus</span> <span class='ocrx_word' id='word_1_98' title='bbox 889 1325 1017 1407; x_wconf 87' lang='lat' dir='ltr'>tegeret</span> <span class='ocrx_word' id='word_1_99' title='bbox 1040 1324 1073 1386; x_wconf 91' lang='lat' dir='ltr'>et</span> 
     </span>
     <span class='ocr_line' id='line_1_14' title="bbox 65 1409 410 1493; baseline -0.009 -19"><span class='ocrx_word' id='word_1_100' title='bbox 65 1412 137 1474; x_wconf 84' lang='lat' dir='ltr'>leve</span> <span class='ocrx_word' id='word_1_101' title='bbox 161 1413 254 1493; x_wconf 88' lang='lat' dir='ltr'>esset,</span> <span class='ocrx_word' id='word_1_102' title='bbox 277 1409 410 1473; x_wconf 85' lang='lat' dir='ltr'>curavit.</span> 
     </span>
    </p>

    <p class='ocr_par' dir='ltr' id='par_1_4' title="bbox 63 1496 1114 3435">
     <span class='ocr_line' id='line_1_15' title="bbox 155 1496 1114 1582; baseline 0.001 -21"><span class='ocrx_word' id='word_1_103' title='bbox 155 1497 281 1562; x_wconf 90' lang='lat' dir='ltr'>Bellum</span> <span class='ocrx_word' id='word_1_104' title='bbox 305 1518 379 1561; x_wconf 93' lang='lat' dir='ltr'>cum</span> <span class='ocrx_word' id='word_1_105' title='bbox 401 1496 599 1562; x_wconf 80' lang='lat' dir='ltr'>Thraecibus</span> <span class='ocrx_word' id='word_1_106' title='bbox 623 1498 736 1582; x_wconf 89' lang='lat' dir='ltr'>gessit,</span> <span class='ocrx_word' id='word_1_107' title='bbox 761 1496 925 1582; x_wconf 83' lang='lat' dir='ltr'>Seuthem,</span> <span class='ocrx_word' id='word_1_108' title='bbox 949 1497 1114 1563; x_wconf 65' lang='lat' dir='ltr'>socium?</span> 
     </span>
     <span class='ocr_line' id='line_1_16' title="bbox 67 1584 1073 1671; baseline -0.001 -21"><span class='ocrx_word' id='word_1_109' title='bbox 67 1585 329 1669; x_wconf 80' lang='lat' dir='ltr'>Atheniensium,</span> <span class='ocrx_word' id='word_1_110' title='bbox 351 1585 384 1649; x_wconf 90' lang='lat' dir='ltr'>in</span> <span class='ocrx_word' id='word_1_111' title='bbox 409 1605 546 1671; x_wconf 86' lang='lat' dir='ltr'>regnum</span> <span class='ocrx_word' id='word_1_112' title='bbox 568 1584 725 1650; x_wconf 90' lang='lat' dir='ltr'>restituit.</span> <span class='ocrx_word' id='word_1_113' title='bbox 771 1586 856 1669; x_wconf 90' lang='lat' dir='ltr'>apud</span> <span class='ocrx_word' id='word_1_114' title='bbox 879 1584 1073 1651; x_wconf 80' lang='lat' dir='ltr'>Corinthum</span> 
     </span>
     <span class='ocr_line' id='line_1_17' title="bbox 66 1672 1072 1757; baseline -0.002 -18"><span class='ocrx_word' id='word_1_115' title='bbox 66 1678 159 1739; x_wconf 88' lang='lat' dir='ltr'>tanta</span> <span class='ocrx_word' id='word_1_116' title='bbox 182 1674 355 1738; x_wconf 87' lang='lat' dir='ltr'>severitate</span> <span class='ocrx_word' id='word_1_117' title='bbox 379 1673 534 1737; x_wconf 88' lang='lat' dir='ltr'>exercitui</span> <span class='ocrx_word' id='word_1_118' title='bbox 557 1672 708 1757; x_wconf 88' lang='lat' dir='ltr'>praefuit,</span> <span class='ocrx_word' id='word_1_119' title='bbox 730 1676 769 1737; x_wconf 91' lang='lat' dir='ltr'>ut</span> <span class='ocrx_word' id='word_1_120' title='bbox 791 1673 899 1737; x_wconf 90' lang='lat' dir='ltr'>nullae</span> <span class='ocrx_word' id='word_1_121' title='bbox 917 1695 1072 1755; x_wconf 90' lang='lat' dir='ltr'>umquam</span> 
     </span>
     <span class='ocr_line' id='line_1_18' title="bbox 64 1759 1072 1845; baseline -0.002 -19"><span class='ocrx_word' id='word_1_122' title='bbox 64 1763 100 1826; x_wconf 90' lang='lat' dir='ltr'>in</span> <span class='ocrx_word' id='word_1_123' title='bbox 128 1759 265 1827; x_wconf 82' lang='lat' dir='ltr'>Graecia</span> <span class='ocrx_word' id='word_1_124' title='bbox 291 1783 395 1844; x_wconf 90' lang='lat' dir='ltr'>neque</span> <span class='ocrx_word' id='word_1_125' title='bbox 423 1760 667 1825; x_wconf 86' lang='lat' dir='ltr'>exercitatiores</span> <span class='ocrx_word' id='word_1_126' title='bbox 696 1761 807 1844; x_wconf 89' lang='lat' dir='ltr'>copiae</span> <span class='ocrx_word' id='word_1_127' title='bbox 834 1782 939 1844; x_wconf 90' lang='lat' dir='ltr'>neque</span> <span class='ocrx_word' id='word_1_128' title='bbox 967 1760 1072 1845; x_wconf 89' lang='lat' dir='ltr'>magis</span> 
     </span>
     <span class='ocr_line' id='line_1_19' title="bbox 63 1849 1108 1933; baseline -0.003 -18"><span class='ocrx_word' id='word_1_129' title='bbox 63 1851 152 1916; x_wconf 89' lang='lat' dir='ltr'>dicto</span> <span class='ocrx_word' id='word_1_130' title='bbox 172 1850 338 1914; x_wconf 89' lang='lat' dir='ltr'>audientes</span> <span class='ocrx_word' id='word_1_131' title='bbox 360 1849 482 1913; x_wconf 90' lang='lat' dir='ltr'>fuerint</span> <span class='ocrx_word' id='word_1_132' title='bbox 500 1849 587 1933; x_wconf 89' lang='lat' dir='ltr'>duci,</span> <span class='ocrx_word' id='word_1_133' title='bbox 609 1849 644 1912; x_wconf 90' lang='lat' dir='ltr'>in</span> <span class='ocrx_word' id='word_1_134' title='bbox 657 1870 792 1932; x_wconf 89' lang='lat' dir='ltr'>eamque</span> <span class='ocrx_word' id='word_1_135' title='bbox 808 1849 1073 1913; x_wconf 88' lang='lat' dir='ltr'>consuetudinem</span> <span class='ocrx_word' id='word_1_136' title='bbox 1092 1862 1108 1911; x_wconf 82' lang='lat'>2</span> 
     </span>
     <span class='ocr_line' id='line_1_20' title="bbox 63 1937 1072 2023; baseline -0.003 -20"><span class='ocrx_word' id='word_1_137' title='bbox 63 1938 212 2022; x_wconf 88' lang='lat' dir='ltr'>adduxit,</span> <span class='ocrx_word' id='word_1_138' title='bbox 239 1942 290 2023; x_wconf 91' lang='lat' dir='ltr'>ut,</span> <span class='ocrx_word' id='word_1_139' title='bbox 313 1959 388 2002; x_wconf 91' lang='lat' dir='ltr'>cum</span> <span class='ocrx_word' id='word_1_140' title='bbox 409 1937 526 2021; x_wconf 90' lang='lat' dir='ltr'>proelii</span> <span class='ocrx_word' id='word_1_141' title='bbox 549 1937 679 2023; x_wconf 87' lang='lat' dir='ltr'>signum</span> <span class='ocrx_word' id='word_1_142' title='bbox 701 1937 742 2002; x_wconf 87' lang='lat' dir='ltr'>ab</span> <span class='ocrx_word' id='word_1_143' title='bbox 766 1939 962 2022; x_wconf 87' lang='lat' dir='ltr'>imperatore</span> <span class='ocrx_word' id='word_1_144' title='bbox 986 1940 1072 2002; x_wconf 89' lang='lat' dir='ltr'>esset</span> 
     </span>
     <span class='ocr_line' id='line_1_21' title="bbox 63 2025 1073 2110; baseline -0.001 -19"><span class='ocrx_word' id='word_1_145' title='bbox 63 2029 187 2110; x_wconf 89' lang='lat' dir='ltr'>datum,</span> <span class='ocrx_word' id='word_1_146' title='bbox 210 2027 279 2090; x_wconf 91' lang='lat' dir='ltr'>sine</span> <span class='ocrx_word' id='word_1_147' title='bbox 302 2026 392 2090; x_wconf 90' lang='lat' dir='ltr'>ducis</span> <span class='ocrx_word' id='word_1_148' title='bbox 416 2047 514 2109; x_wconf 91' lang='lat' dir='ltr'>opera</span> <span class='ocrx_word' id='word_1_149' title='bbox 538 2025 584 2090; x_wconf 92' lang='lat' dir='ltr'>sic</span> <span class='ocrx_word' id='word_1_150' title='bbox 608 2025 774 2091; x_wconf 86' lang='lat' dir='ltr'>ordinatae</span> <span class='ocrx_word' id='word_1_151' title='bbox 790 2027 1015 2110; x_wconf 88' lang='lat' dir='ltr'>consisterent,</span> <span class='ocrx_word' id='word_1_152' title='bbox 1034 2029 1073 2090; x_wconf 89' lang='lat' dir='ltr'>ut</span> 
     </span>
     <span class='ocr_line' id='line_1_22' title="bbox 65 2114 1072 2200; baseline -0.003 -19"><span class='ocrx_word' id='word_1_153' title='bbox 65 2115 188 2200; x_wconf 84' lang='lat' dir='ltr'>singuli</span> <span class='ocrx_word' id='word_1_154' title='bbox 211 2136 231 2178; x_wconf 88' lang='lat' dir='ltr'>a</span> <span class='ocrx_word' id='word_1_155' title='bbox 252 2114 451 2198; x_wconf 90' lang='lat' dir='ltr'>peritissimo</span> <span class='ocrx_word' id='word_1_156' title='bbox 480 2114 676 2197; x_wconf 89' lang='lat' dir='ltr'>imperatore</span> <span class='ocrx_word' id='word_1_157' title='bbox 704 2114 856 2199; x_wconf 90' lang='lat' dir='ltr'>dispositi</span> <span class='ocrx_word' id='word_1_158' title='bbox 879 2115 1072 2180; x_wconf 87' lang='lat' dir='ltr'>viderentur.</span> 
     </span>
     <span class='ocr_line' id='line_1_23' title="bbox 63 2201 1108 2287; baseline -0.003 -18"><span class='ocrx_word' id='word_1_159' title='bbox 63 2204 127 2269; x_wconf 90' lang='lat' dir='ltr'>hoo</span> <span class='ocrx_word' id='word_1_160' title='bbox 142 2203 285 2268; x_wconf 88' lang='lat' dir='ltr'>exercitu</span> <span class='ocrx_word' id='word_1_161' title='bbox 303 2224 429 2267; x_wconf 87' lang='lat' dir='ltr'>moram</span> <span class='ocrx_word' id='word_1_162' title='bbox 442 2201 772 2268; x_wconf 88' lang='lat' dir='ltr'>Lacedaemoniorum</span> <span class='ocrx_word' id='word_1_163' title='bbox 789 2202 964 2287; x_wconf 85' lang='lat' dir='ltr'>interfecit,</span> <span class='ocrx_word' id='word_1_164' title='bbox 987 2203 1073 2285; x_wconf 90' lang='lat' dir='ltr'>quod</span> <span class='ocrx_word' id='word_1_165' title='bbox 1092 2217 1108 2265; x_wconf 80' lang='lat' dir='ltr'>a</span> 
     </span>
     <span class='ocr_line' id='line_1_24' title="bbox 64 2289 1073 2357; baseline -0.005 0"><span class='ocrx_word' id='word_1_166' title='bbox 64 2292 206 2357; x_wconf 83' lang='lat' dir='ltr'>maxime</span> <span class='ocrx_word' id='word_1_167' title='bbox 229 2295 302 2356; x_wconf 88' lang='lat' dir='ltr'>tota</span> <span class='ocrx_word' id='word_1_168' title='bbox 325 2290 524 2356; x_wconf 86' lang='lat' dir='ltr'>celebratum</span> <span class='ocrx_word' id='word_1_169' title='bbox 547 2295 598 2355; x_wconf 90' lang='lat' dir='ltr'>est</span> <span class='ocrx_word' id='word_1_170' title='bbox 622 2289 766 2355; x_wconf 82' lang='lat' dir='ltr'>Graecia</span> <span class='ocrx_word' id='word_1_171' title='bbox 811 2291 931 2354; x_wconf 89' lang='lat' dir='ltr'>iterum</span> <span class='ocrx_word' id='word_1_172' title='bbox 961 2290 1073 2353; x_wconf 87' lang='lat' dir='ltr'>eodem</span> 
     </span>
     <span class='ocr_line' id='line_1_25' title="bbox 64 2378 1073 2464; baseline -0.004 -20"><span class='ocrx_word' id='word_1_173' title='bbox 64 2381 153 2445; x_wconf 90' lang='lat' dir='ltr'>bello</span> <span class='ocrx_word' id='word_1_174' title='bbox 177 2400 289 2444; x_wconf 90' lang='lat' dir='ltr'>omnes</span> <span class='ocrx_word' id='word_1_175' title='bbox 313 2380 422 2463; x_wconf 89' lang='lat' dir='ltr'>copias</span> <span class='ocrx_word' id='word_1_176' title='bbox 441 2400 554 2443; x_wconf 90' lang='lat' dir='ltr'>eorum</span> <span class='ocrx_word' id='word_1_177' title='bbox 572 2379 707 2464; x_wconf 82' lang='lat' dir='ltr'>fugavit,</span> <span class='ocrx_word' id='word_1_178' title='bbox 731 2399 794 2460; x_wconf 92' lang='lat' dir='ltr'>quo</span> <span class='ocrx_word' id='word_1_179' title='bbox 812 2378 901 2442; x_wconf 85' lang='lat' dir='ltr'>facto</span> <span class='ocrx_word' id='word_1_180' title='bbox 920 2396 1073 2461; x_wconf 85' lang='lat' dir='ltr'>magnam</span> 
     </span>
     <span class='ocr_line' id='line_1_26' title="bbox 66 2464 1109 2553; baseline -0.006 -20"><span class='ocrx_word' id='word_1_181' title='bbox 66 2469 203 2552; x_wconf 87' lang='lat' dir='ltr'>adeptus</span> <span class='ocrx_word' id='word_1_182' title='bbox 226 2472 277 2532; x_wconf 89' lang='lat' dir='ltr'>est</span> <span class='ocrx_word' id='word_1_183' title='bbox 304 2467 452 2553; x_wconf 87' lang='lat' dir='ltr'>gloriam.</span> <span class='ocrx_word' id='word_1_184' title='bbox 498 2488 572 2531; x_wconf 92' lang='lat' dir='ltr'>oum</span> <span class='ocrx_word' id='word_1_185' title='bbox 594 2465 791 2530; x_wconf 87' lang='lat' dir='ltr'>Artaxerxes</span> <span class='ocrx_word' id='word_1_186' title='bbox 815 2464 979 2550; x_wconf 90' lang='lat' dir='ltr'>Aegyptio</span> <span class='ocrx_word' id='word_1_187' title='bbox 1003 2465 1109 2551; x_wconf 74' lang='lat' dir='ltr'>regia</span> 
     </span>
     <span class='ocr_line' id='line_1_27' title="bbox 63 2553 1073 2639; baseline -0.003 -19"><span class='ocrx_word' id='word_1_188' title='bbox 63 2557 189 2622; x_wconf 91' lang='lat' dir='ltr'>bellum</span> <span class='ocrx_word' id='word_1_189' title='bbox 220 2555 338 2620; x_wconf 88' lang='lat' dir='ltr'>inferre</span> <span class='ocrx_word' id='word_1_190' title='bbox 370 2555 488 2639; x_wconf 85' lang='lat' dir='ltr'>voluit,</span> <span class='ocrx_word' id='word_1_191' title='bbox 523 2554 712 2638; x_wconf 88' lang='lat' dir='ltr'>Iphicraten</span> <span class='ocrx_word' id='word_1_192' title='bbox 743 2555 785 2618; x_wconf 86' lang='lat' dir='ltr'>ab</span> <span class='ocrx_word' id='word_1_193' title='bbox 818 2553 1073 2618; x_wconf 87' lang='lat' dir='ltr'>Atheniensibus</span> 
     </span>
     <span class='ocr_line' id='line_1_28' title="bbox 64 2642 1073 2728; baseline -0.004 -19"><span class='ocrx_word' id='word_1_194' title='bbox 64 2647 180 2709; x_wconf 89' lang='lat' dir='ltr'>ducem</span> <span class='ocrx_word' id='word_1_195' title='bbox 203 2645 329 2728; x_wconf 87' lang='lat' dir='ltr'>petivit,</span> <span class='ocrx_word' id='word_1_196' title='bbox 353 2666 448 2727; x_wconf 90' lang='lat' dir='ltr'>quem</span> <span class='ocrx_word' id='word_1_197' title='bbox 470 2643 661 2727; x_wconf 87' lang='lat' dir='ltr'>praeficeret</span> <span class='ocrx_word' id='word_1_198' title='bbox 684 2642 839 2707; x_wconf 87' lang='lat' dir='ltr'>exercitui</span> <span class='ocrx_word' id='word_1_199' title='bbox 862 2642 1073 2726; x_wconf 88' lang='lat' dir='ltr'>conducticio,</span> 
     </span>
     <span class='ocr_line' id='line_1_29' title="bbox 66 2730 1074 2814; baseline -0.003 -17"><span class='ocrx_word' id='word_1_200' title='bbox 66 2733 158 2798; x_wconf 88' lang='lat' dir='ltr'>cuius</span> <span class='ocrx_word' id='word_1_201' title='bbox 181 2755 334 2797; x_wconf 90' lang='lat' dir='ltr'>numerus</span> <span class='ocrx_word' id='word_1_202' title='bbox 358 2732 527 2796; x_wconf 92' lang='lat' dir='ltr'>duodecim</span> <span class='ocrx_word' id='word_1_203' title='bbox 550 2730 677 2794; x_wconf 93' lang='lat' dir='ltr'>milium</span> <span class='ocrx_word' id='word_1_204' title='bbox 706 2730 779 2795; x_wconf 89' lang='lat' dir='ltr'>fuit.</span> <span class='ocrx_word' id='word_1_205' title='bbox 825 2752 921 2813; x_wconf 93' lang='lat' dir='ltr'>quem</span> <span class='ocrx_word' id='word_1_206' title='bbox 945 2730 1074 2814; x_wconf 90' lang='lat' dir='ltr'>quidem</span> 
     </span>
     <span class='ocr_line' id='line_1_30' title="bbox 68 2819 1074 2904; baseline -0.002 -20"><span class='ocrx_word' id='word_1_207' title='bbox 68 2821 115 2884; x_wconf 93' lang='lat' dir='ltr'>sic</span> <span class='ocrx_word' id='word_1_208' title='bbox 138 2822 227 2887; x_wconf 91' lang='lat' dir='ltr'>omni</span> <span class='ocrx_word' id='word_1_209' title='bbox 251 2821 422 2904; x_wconf 87' lang='lat' dir='ltr'>disciplina</span> <span class='ocrx_word' id='word_1_210' title='bbox 445 2819 580 2883; x_wconf 90' lang='lat' dir='ltr'>militari</span> <span class='ocrx_word' id='word_1_211' title='bbox 603 2819 751 2904; x_wconf 85' lang='lat' dir='ltr'>erudivit,</span> <span class='ocrx_word' id='word_1_212' title='bbox 774 2823 820 2904; x_wconf 91' lang='lat' dir='ltr'>ut,</span> <span class='ocrx_word' id='word_1_213' title='bbox 843 2841 939 2902; x_wconf 92' lang='lat' dir='ltr'>quem</span> <span class='ocrx_word' id='word_1_214' title='bbox 954 2819 994 2882; x_wconf 89' lang='lat' dir='ltr'>ad</span> <span class='ocrx_word' id='word_1_215' title='bbox 1008 2840 1074 2883; x_wconf 93' lang='lat' dir='ltr'>mo-</span> 
     </span>
     <span class='ocr_line' id='line_1_31' title="bbox 67 2906 1074 2992; baseline -0.004 -19"><span class='ocrx_word' id='word_1_216' title='bbox 67 2910 143 2973; x_wconf 93' lang='lat' dir='ltr'>dum</span> <span class='ocrx_word' id='word_1_217' title='bbox 163 2910 326 2992; x_wconf 88' lang='lat' dir='ltr'>quondam</span> <span class='ocrx_word' id='word_1_218' title='bbox 344 2908 482 2973; x_wconf 83' lang='lat' dir='ltr'>Fabiani</span> <span class='ocrx_word' id='word_1_219' title='bbox 502 2907 622 2971; x_wconf 90' lang='lat' dir='ltr'>milites</span> <span class='ocrx_word' id='word_1_220' title='bbox 642 2907 765 2972; x_wconf 87' lang='lat' dir='ltr'>Romae</span> <span class='ocrx_word' id='word_1_221' title='bbox 786 2906 955 2992; x_wconf 88' lang='lat' dir='ltr'>[appellati</span> <span class='ocrx_word' id='word_1_222' title='bbox 974 2908 1074 2989; x_wconf 88' lang='lat' dir='ltr'>sunt],</span> 
     </span>
     <span class='ocr_line' id='line_1_32' title="bbox 66 2993 1073 3081; baseline -0.005 -20"><span class='ocrx_word' id='word_1_223' title='bbox 66 2998 114 3062; x_wconf 89' lang='lat' dir='ltr'>sic</span> <span class='ocrx_word' id='word_1_224' title='bbox 127 2997 368 3081; x_wconf 88' lang='lat' dir='ltr'>Iphicratenses</span> <span class='ocrx_word' id='word_1_225' title='bbox 383 2997 468 3081; x_wconf 92' lang='lat' dir='ltr'>apud</span> <span class='ocrx_word' id='word_1_226' title='bbox 483 2994 624 3060; x_wconf 83' lang='lat' dir='ltr'>Graecos</span> <span class='ocrx_word' id='word_1_227' title='bbox 645 2996 680 3059; x_wconf 91' lang='lat' dir='ltr'>in</span> <span class='ocrx_word' id='word_1_228' title='bbox 694 3018 821 3060; x_wconf 89' lang='lat' dir='ltr'>summa</span> <span class='ocrx_word' id='word_1_229' title='bbox 835 2994 929 3059; x_wconf 91' lang='lat' dir='ltr'>laude</span> <span class='ocrx_word' id='word_1_230' title='bbox 943 2993 1073 3058; x_wconf 87' lang='lat' dir='ltr'>fuerint.</span> 
     </span>
     <span class='ocr_line' id='line_1_33' title="bbox 65 3081 1110 3167; baseline -0.006 -17"><span class='ocrx_word' id='word_1_231' title='bbox 65 3086 152 3150; x_wconf 91' lang='lat' dir='ltr'>idem</span> <span class='ocrx_word' id='word_1_232' title='bbox 181 3085 325 3149; x_wconf 88' lang='lat' dir='ltr'>subsidio</span> <span class='ocrx_word' id='word_1_233' title='bbox 349 3083 613 3149; x_wconf 86' lang='lat' dir='ltr'>Lacedaemoniis</span> <span class='ocrx_word' id='word_1_234' title='bbox 640 3083 806 3167; x_wconf 89' lang='lat' dir='ltr'>profectus</span> <span class='ocrx_word' id='word_1_235' title='bbox 829 3081 1074 3167; x_wconf 81' lang='lat' dir='ltr'>Epaminondae</span> <span class='ocrx_word' id='word_1_236' title='bbox 1093 3093 1110 3144; x_wconf 80' lang='lat'><strong>5</strong></span> 
     </span>
     <span class='ocr_line' id='line_1_34' title="bbox 65 3169 1074 3255; baseline -0.005 -17"><span class='ocrx_word' id='word_1_237' title='bbox 65 3174 246 3238; x_wconf 78' lang='lat' dir='ltr'>retardavit</span> <span class='ocrx_word' id='word_1_238' title='bbox 267 3173 419 3255; x_wconf 91' lang='lat' dir='ltr'>impetus.</span> <span class='ocrx_word' id='word_1_239' title='bbox 447 3194 525 3236; x_wconf 91' lang='lat' dir='ltr'>nam</span> <span class='ocrx_word' id='word_1_240' title='bbox 542 3173 606 3236; x_wconf 92' lang='lat' dir='ltr'>nisi</span> <span class='ocrx_word' id='word_1_241' title='bbox 630 3172 699 3236; x_wconf 91' lang='lat' dir='ltr'>eius</span> <span class='ocrx_word' id='word_1_242' title='bbox 723 3172 879 3236; x_wconf 85' lang='lat' dir='ltr'>adventus</span> <span class='ocrx_word' id='word_1_243' title='bbox 903 3169 1074 3253; x_wconf 89' lang='lat' dir='ltr'>appropin-</span> 
     </span>
     <span class='ocr_line' id='line_1_35' title="bbox 66 3259 1074 3347; baseline -0.007 -20"><span class='ocrx_word' id='word_1_244' title='bbox 66 3266 210 3347; x_wconf 91' lang='lat' dir='ltr'>quasset,</span> <span class='ocrx_word' id='word_1_245' title='bbox 232 3282 298 3324; x_wconf 92' lang='lat' dir='ltr'>non</span> <span class='ocrx_word' id='word_1_246' title='bbox 311 3260 401 3343; x_wconf 90' lang='lat' dir='ltr'>prius</span> <span class='ocrx_word' id='word_1_247' title='bbox 416 3259 562 3324; x_wconf 86' lang='lat' dir='ltr'>Thebani</span> <span class='ocrx_word' id='word_1_248' title='bbox 577 3259 696 3344; x_wconf 84' lang='lat' dir='ltr'>Sparta</span> <span class='ocrx_word' id='word_1_249' title='bbox 709 3259 954 3341; x_wconf 86' lang='lat' dir='ltr'>abscessissent,</span> <span class='ocrx_word' id='word_1_250' title='bbox 977 3279 1074 3340; x_wconf 91' lang='lat' dir='ltr'>quam</span> 
     </span>
     <span class='ocr_line' id='line_1_36' title="bbox 66 3348 640 3435; baseline -0.007 -20"><span class='ocrx_word' id='word_1_251' title='bbox 66 3354 198 3435; x_wconf 90' lang='lat' dir='ltr'>captam</span> <span class='ocrx_word' id='word_1_252' title='bbox 220 3348 369 3414; x_wconf 89' lang='lat' dir='ltr'>incendio</span> <span class='ocrx_word' id='word_1_253' title='bbox 393 3348 562 3413; x_wconf 89' lang='lat' dir='ltr'>delessent.</span> <span class='ocrx_word' id='word_1_254' title='bbox 636 3367 640 3375; x_wconf 86' lang='lat'><em>·</em></span> 
     </span>
    </p>

    <p class='ocr_par' dir='ltr' id='par_1_5' title="bbox 66 3433 1115 3610">
     <span class='ocr_line' id='line_1_37' title="bbox 156 3433 1115 3520; baseline -0.007 -17"><span class='ocrx_word' id='word_1_255' title='bbox 156 3437 234 3502; x_wconf 84' lang='lat' dir='ltr'>Fuit</span> <span class='ocrx_word' id='word_1_256' title='bbox 257 3441 366 3502; x_wconf 87' lang='lat' dir='ltr'>autem</span> <span class='ocrx_word' id='word_1_257' title='bbox 389 3440 422 3499; x_wconf 88' lang='lat' dir='ltr'>et</span> <span class='ocrx_word' id='word_1_258' title='bbox 446 3436 553 3500; x_wconf 89' lang='lat' dir='ltr'>animo</span> <span class='ocrx_word' id='word_1_259' title='bbox 575 3457 696 3520; x_wconf 90' lang='lat' dir='ltr'>magno</span> <span class='ocrx_word' id='word_1_260' title='bbox 719 3438 753 3499; x_wconf 89' lang='lat' dir='ltr'>et</span> <span class='ocrx_word' id='word_1_261' title='bbox 775 3453 910 3518; x_wconf 87' lang='lat' dir='ltr'>corpore</span> <span class='ocrx_word' id='word_1_262' title='bbox 939 3433 1075 3516; x_wconf 86' lang='lat' dir='ltr'>impera·</span> <span class='ocrx_word' id='word_1_263' title='bbox 1093 3433 1115 3496; x_wconf 85' lang='lat'>3</span> 
     </span>
     <span class='ocr_line' id='line_1_38' title="bbox 66 3522 1075 3610; baseline -0.004 -18"><span class='ocrx_word' id='word_1_264' title='bbox 66 3527 217 3610; x_wconf 89' lang='lat' dir='ltr'>toriaque</span> <span class='ocrx_word' id='word_1_265' title='bbox 239 3525 360 3610; x_wconf 80' lang='lat' dir='ltr'>forma,</span> <span class='ocrx_word' id='word_1_266' title='bbox 381 3527 420 3588; x_wconf 92' lang='lat' dir='ltr'>ut</span> <span class='ocrx_word' id='word_1_267' title='bbox 442 3523 514 3607; x_wconf 91' lang='lat' dir='ltr'>ipso</span> <span class='ocrx_word' id='word_1_268' title='bbox 537 3529 672 3607; x_wconf 88' lang='lat' dir='ltr'>aspectu</span> <span class='ocrx_word' id='word_1_269' title='bbox 695 3523 797 3588; x_wconf 85' lang='lat' dir='ltr'>cuivis</span> <span class='ocrx_word' id='word_1_270' title='bbox 820 3522 955 3587; x_wconf 89' lang='lat' dir='ltr'>iniceret</span> <span class='ocrx_word' id='word_1_271' title='bbox 976 3523 1075 3588; x_wconf 82' lang='lat' dir='ltr'>admi-</span> 
     </span>
    </p>
   </div>
   <div class='ocr_carea' id='block_1_4' title="bbox 0 0 1268 4042">
    <p class='ocr_par' dir='ltr' id='par_1_6' title="bbox 0 0 1268 4042">
     <span class='ocr_line' id='line_1_39' title="bbox 0 0 1268 4042; baseline 0 0"><span class='ocrx_word' id='word_1_272' title='bbox 0 0 1268 4042; x_wconf 95' lang='lat' dir='ltr'> </span> 
     </span>
    </p>
   </div>
  </div>
 </body>
</html>
