2528 4042
378 161 451 217 XlX.
471 161 639 218 PHOCION.
668 169 692 217 3.
712 169 736 217 4.
1020 164 1061 230 81

59 309 197 387 utraque
228 304 441 370 Macedonum
476 305 666 387 patrociniis
698 307 864 371 utebatur:
900 330 977 372 nam
1008 331 1064 392 po·

56 394 188 478 pulares
216 392 468 476 Polyperchonti
495 393 661 476 favebant,
689 394 862 476 optimates
891 418 964 460 eum
988 395 1063 462 Oas-

58 481 177 547 sandro
206 483 397 545 sentiebant.
441 481 574 545 interim
601 503 621 544 a
646 480 904 564 Polyperchonte
928 483 1098 552 Cassan-2

57 571 136 634 drus
150 568 341 634 Macedonia
353 570 465 653 pulsus
480 573 539 634 est.
572 590 635 651 quo
654 569 742 634 facto
760 570 900 653 populus
915 574 1063 655 superior

56 658 166 723 factus
191 658 304 721 statim
327 658 422 722 duces
445 657 646 721 adversariae
668 657 820 722 factionis
842 659 958 742 capitis
977 661 1064 724 dam-

56 751 156 812 natos
174 746 282 829 patria
303 745 457 830 propulit,
480 745 578 811 ineis
598 744 795 810 Phocionem
814 751 847 811 et
860 746 1063 812 Demetrium

58 834 267 918 Phalereum,
296 834 397 916 deque
425 855 463 898 ea
490 855 525 898 re
552 833 678 918 legatos
706 833 746 896 ad
769 833 1063 919 Polyperchontem

60 924 163 1006 misit,
186 922 241 1005 qui
264 923 304 985 ab
328 944 366 986 eo
389 924 538 1005 paterent
559 925 597 985 ut
620 943 678 986 sua
700 922 829 987 decreta
848 924 1063 988 confirmaret.

58 1012 126 1075 huc
149 1010 259 1074 eodem
281 1009 446 1093 profectus
470 1013 521 1073 est
542 1008 695 1074 Phocion.
730 1031 793 1094 quo
816 1015 854 1075 ut
871 1011 969 1096 venit,
992 1031 1098 1079 cau-3

61 1120 133 1164 sam
160 1099 244 1182 apud
271 1098 459 1181 Philippum
486 1118 595 1183 regem
622 1098 735 1181 verbo,
767 1119 802 1162 re
833 1099 904 1183 ipsa
934 1099 1063 1182 quidem

61 1187 147 1270 apud
174 1186 467 1270 Polyperchontem
498 1185 604 1250 iussus
633 1189 684 1250 est
713 1185 832 1251 dicere:
867 1209 1006 1270 namque
1034 1189 1063 1253 is

60 1280 133 1341 tum
156 1275 241 1361 regis
265 1276 361 1338 rebus
383 1277 540 1357 praeerat.
584 1273 638 1338 hic
661 1274 702 1337 ab
725 1273 861 1361 Agnone
885 1280 1099 1361 acousatus,4

62 1363 148 1448 quod
175 1362 326 1426 Piraeum
353 1360 508 1427 Nicanori
535 1361 744 1446 prodidisset,
772 1385 811 1426 ex
839 1363 967 1428 consilii
995 1386 1064 1429 sen·
1129 1433 1131 1437 ,

64 1451 167 1516 tentia
193 1451 228 1514 in
255 1450 434 1516 custodiam
458 1450 621 1516 coniectus
644 1448 791 1515 Athenas
820 1451 976 1517 deductus
1005 1457 1064 1536 est,

66 1543 102 1604 ut
122 1539 170 1603 ibi
192 1539 231 1602 de
254 1560 291 1604 eo
315 1538 442 1625 legibus
465 1539 559 1602 fieret
582 1537 744 1602 iudicium.

150 1626 223 1691 Huc
245 1630 283 1691 ut
304 1628 495 1709 perventum
519 1629 578 1708 est,
602 1646 675 1689 oum
697 1629 830 1709 propter
853 1630 995 1691 aetatem
1011 1630 1105 1710 pe·4

60 1715 157 1779 dibus
179 1715 245 1776 iam
266 1735 333 1776 non
354 1714 478 1776 valeret
499 1712 709 1796 vehiculoque
732 1717 932 1799 portaretur,
954 1715 1064 1800 magni

60 1821 237 1868 concursus
261 1805 336 1865 sunt
363 1799 456 1884 facti,
483 1821 556 1864 curn
583 1799 652 1884 alii,
679 1801 921 1866 reminiscentes
944 1803 1064 1867 veteris

59 1891 179 1971 famae,
202 1888 319 1952 aetatis
342 1889 587 1972 misererentur,
608 1887 741 1971 plurimi
763 1911 840 1953 vero
863 1890 913 1953 ira
936 1912 1065 1955 exacue-

60 1981 176 2043 rentur
198 1980 332 2060 propter
353 1976 546 2060 proditionis
569 1976 786 2060 suspicionem
810 1977 941 2060 [Piraei]
966 1980 1065 2043 maxi·

61 2065 616 2237 ttttqultdtffiddt
641 2066 825 2236 {ulit
840 2066 1100 2221 ttulit,

64 2242 169 2308 cultas
193 2241 311 2305 dicenti
335 2263 465 2306 causam
487 2241 523 2304 in
540 2241 672 2305 iudicio:
695 2241 852 2326 legitimis
872 2242 1065 2324 quibusdam

64 2329 221 2395 confectis
245 2330 414 2393 damnatus
437 2329 576 2394 traditus
600 2332 650 2392 est
676 2328 917 2412 undecimviris,
947 2330 1064 2411 quibus

65 2419 105 2483 ad
137 2417 331 2501 supplicium
364 2438 452 2481 more
481 2415 729 2481 Atheniensium
759 2416 887 2499 publice
920 2416 1065 2480 damnati

64 2507 150 2571 tradi
173 2506 287 2570 solent.
331 2505 385 2569 hic
408 2526 481 2568 cum
507 2504 547 2568 ad
574 2508 713 2569 mortem
740 2504 922 2587 duceretur,
951 2506 1101 2570 obviusa

64 2595 94 2659 ei
121 2594 184 2658 tuit
211 2593 418 2677 Euphiletus,
451 2614 514 2676 quo
541 2591 746 2657 familiariter
771 2592 878 2656 iuerat
905 2614 991 2658 usus.
1036 2593 1064 2658 is

65 2705 138 2747 cum
165 2683 337 2746 lacrimans
366 2679 500 2745 dixisset
526 2679 557 2744 ‘o
585 2702 682 2763 quarn
713 2680 847 2766 indigna
877 2682 1066 2766 perpeteris,

65 2769 234 2834 Phocion!'
266 2769 341 2834 huic
368 2769 424 2833 ille
447 2768 493 2832 ‘at
514 2789 581 2832 non
607 2768 786 2852 inopinata'
808 2769 931 2852 inquit:
968 2769 1065 2834 ‘hunc

67 2859 151 2921 enim
169 2858 291 2921 exitum
308 2858 453 2941 plerique
467 2857 545 2921 clari
559 2856 620 2920 viri
633 2856 816 2922 habuerunt
830 2856 1064 2922 Athenienses?

65 2945 100 3010 in
116 2947 178 3010 hoc
197 2949 325 3009 tanturn
343 2945 406 3009 fuit
425 2945 534 3009 odium
552 2945 778 3030 multitudinis,
800 2948 838 3009 ut
858 2965 953 3008 nemo
969 2966 1065 3007 ausus
1084 2963 1102 3010 s

65 3034 109 3098 sit
137 3056 211 3099 eum
237 3033 320 3097 liber
350 3033 493 3116 sepelire.
538 3033 647 3116 itaque
671 3055 690 3097 a
714 3033 813 3100 servis
838 3032 983 3115 sepultus
1007 3036 1065 3096 est.
