2528 4042
143 181 186 246 36
502 180 550 235 ΙΧ.
569 179 701 237 CONON.
729 188 786 240 hb

143 325 259 408 opibus
287 324 512 408 praefuturum
539 348 577 391 ac
600 347 709 391 secum
738 326 964 391 dimicaturum
987 325 1151 410 videbant,

144 434 240 495 quem
266 434 370 497 neque
398 414 534 480 consilio
561 436 664 498 neque
693 416 794 499 copiis
825 436 974 498 superare
1006 418 1150 497 possent.

107 500 205 565 chao
232 506 339 566 mente
368 524 520 588 magnam
548 502 744 567 contrahunt
767 503 917 568 classem:
943 501 1150 586 proficiscun-

143 593 199 653 tur
220 589 379 655 Pisandro
403 591 490 655 duce.
528 591 589 654 hos
612 588 726 655 Conon
748 592 833 674 apud
856 589 993 656 Gnidum
1017 590 1150 654 adortus

144 698 263 764 magno
286 678 409 762 proelio
437 677 545 763 fugat,
572 677 693 742 multas
715 699 814 742 naves
838 680 939 763 capit,
966 679 1149 761 complures

63 824 68 832 .
144 766 306 850 deprimit.
339 787 401 848 qua
419 765 557 831 victorie
569 787 636 830 non
650 765 756 830 solum
770 765 928 851 Athenae,
944 767 1003 837 ,sed
1022 767 1149 848 [etiam]

144 859 261 919 cuncta
279 852 422 937 Graecia,
441 875 523 936 quae
542 854 602 918 sub
621 852 950 919 Lacedaemoniorum
967 853 1074 918 fuerat
1093 854 1151 919 im·

109 943 243 1026 operio,
257 940 396 1004 liberata
409 944 468 1006 est
494 940 608 1007 Conon
622 965 695 1008 cum
708 946 801 1027 parte
814 943 947 1007 navium
960 942 995 1006 in
1008 943 1152 1026 patriam
1192 1012 1194 1021 ‚

143 1029 245 1112 venit,
272 1049 382 1093 muros
406 1029 532 1095 dirutos
556 1053 575 1095 a
597 1030 765 1115 Lysandro
788 1034 957 1114 utrosque,
986 1035 1020 1094 et
1043 1030 1151 1096 Piraei

143 1120 176 1179 et
194 1078 408 1203 Athenarum,
430 1119 620 1184 reficiendos
644 1123 736 1184 curat
758 1119 974 1203 pecuniaeque
994 1119 1151 1202 quinqua·

143 1204 401 1357 gintadtalqnta,
393 1229 512 1291 ,quae
536 1229 555 1271 a
577 1207 787 1272 Pharnabazo
815 1211 996 1292 acceperat,
1024 1207 1150 1273 civibus

145 1312 213 1355 su1s
258 1313 321 1356 ona

108 1381 130 1446 5
232 1379 362 1444 Accidit
383 1381 472 1466 huic,
500 1382 586 1465 quod
608 1383 724 1447 ceteris
748 1382 954 1466 mortalibus,
982 1384 1051 1447 ut
1042 1405 1151 1451 mcon·

145 1467 351 1533 sideratior
336 1491 378 1547 m
404 1470 542 1535 secunda
570 1491 666 1553 quam
688 1469 724 1533 in
746 1469 879 1534 adversa
901 1474 987 1546 esset
1009 1470 1151 1537 fortuna

142 1577 220 1620 nam
247 1557 350 1622 classe
376 1557 686 1642 Peloponnesiorum
712 1556 851 1639 devicta,
879 1578 952 1620 cum
979 1558 1086 1622 ultum
1116 1583 1151 1625 se

144 1644 279 1710 iniurias
308 1646 434 1730 patriae
461 1650 604 1731 putaret,
631 1645 725 1730 plura
752 1644 935 1728 concupivit
963 1666 1059 1727 quam
1083 1648 1153 1710 effi-

108 1749 216 1800 acere
248 1737 366 1818 potuit.
410 1757 514 1820 neque
546 1740 656 1800 tamen
682 1756 720 1799 ea
745 1755 812 1798 non
837 1733 892 1816 pia
919 1736 952 1797 et
982 1732 1154 1815 probanda

144 1820 289 1908 fuenmt,
320 1824 405 1908 quod
427 1824 536 1909 potius
559 1823 684 1908 patriae
708 1843 785 1906 opes
809 1821 920 1922 augeri
943 1842 1039 1904 quam
1061 1822 1152 1906 regis

145 1911 270 1975 maluit
314 1933 391 1976 nam
418 1933 492 1976 cum
519 1933 671 1996 magnam
699 1910 875 1975 auctoritat
877 1931 928 1973 em
955 1909 1018 1973 sibi
1040 1929 1154 2008 pugna

145 1998 204 2062 illa
225 1999 347 2084 navali,
374 2021 472 2082 quam
495 1999 580 2082 apud
603 1997 741 2064 Cnidum
762 1997 897 2081 fecerat,
924 1996 1153 2064 constituisset

145 2108 212 2152 non
234 2088 340 2152 solum
362 2087 448 2151 inter
469 2087 635 2170 barbaros,
659 2087 715 2150 sed
738 2085 838 2150 etiam
861 2107 971 2149 omnes
996 2083 1157 2170 Graeciae¹

147 2176 309 2261 civitates,
346 2175 430 2240 clam
461 2175 537 2239 dare
569 2196 700 2258 operam
731 2174 854 2258 coepit,
890 2177 927 2238 ut
958 2172 1086 2237 Ioniam
1119 2178 1152 2239 et

111 2280 128 2329 8
147 2265 296 2335 Aeoliam
314 2265 501 2329 restitueret
514 2262 777 2327 Atheniensibus.
811 2262 844 2325 id
863 2282 936 2325 cum
954 2261 1061 2325 minus
1081 2262 1150 2326 dili·

148 2358 263 2440 genter
280 2357 367 2418 esset
385 2352 524 2416 celatum
525 2351 729 2436 ,Tiribazuq
748 2372 803 2434 qu1
794 2348 974 2414 Sardibus
991 2354 1150 2435 praeerat,

148 2441 314 2508 Cononem
336 2441 491 2532 evocavit,
514 2403 669 2505 simulans
689 2439 729 2502 ad
746 2459 856 2524 regem
875 2460 948 2502 eum
967 2459 1000 2502 se
1019 2438 1150 2503 mittere

148 2530 230 2594 velle
249 2549 367 2615 magna
385 2530 424 2593 de
442 2550 485 2593 re
521 2529 617 2593 huius
635 2527 750 2592 nuntio
773 2549 889 2611 parens
909 2547 982 2590 cum
1000 2526 1149 2612 venisset,
1178 2536 1182 2545 '

147 2619 183 2682 in
214 2619 321 2683 vincla
352 2618 515 2681 coniectus
543 2620 606 2700 est,
637 2616 671 2680 in
701 2616 817 2699 quibus
850 2614 1047 2697 aliquamdiu
1079 2614 1148 2679 fuit.

112 2706 222 2771 sindo
253 2706 401 2770 nonnulli
432 2727 505 2769 eum
534 2705 575 2767 ad
601 2724 711 2790 regem
738 2703 856 2767 abduct
842 2706 912 2766 tum
939 2703 1048 2785 ibique
1077 2723 1149 2772 eum

147 2795 270 2879 perisse
294 2793 451 2877 scriptum
474 2792 682 2876 reliquerimt.
722 2795 835 2856 contra
858 2812 896 2855 ea·
917 2788 1026 2855 Dinon
1048 2791 1149 2857 histo

148 2884 249 2966 ricus,
276 2881 327 2946 cui
355 2902 415 2946 nos
441 2881 617 2965 plurimum
639 2881 677 2944 de
699 2878 838 2944 Persicis
861 2879 957 2943 rebus
982 2879 1148 2963 credimus,

148 2933 299 3056 effugisse
332 2970 481 3053 scripsit.
518 2969 598 3033 illud
634 2968 822 3052 addubitat,
858 2975 967 3032 utrum
998 2966 1148 3032 Tiribazo

149 3060 271 3125 sciente
294 3079 336 3122 an
357 3058 560 3143 imprudente
584 3057 627 3121 sit
649 3056 781 3121 factum.

548 3302 753 3313 ...un—a*-
