2528 4042
357 204 694 262 [innumerositas.
722 213 800 262 a-r.
1044 206 1065 271 9

60 352 159 418 adeo
178 349 355 438 significari
374 372 503 415 murum
520 350 673 436 ligneum.
702 351 761 414 tali
777 351 912 416 consilio
926 352 1065 436 probato
1083 367 1101 416 8

62 440 184 505 addunt
211 439 252 504 ad
279 438 462 522 superiores
489 438 627 503 totidem
651 460 748 502 naves
772 439 920 504 triremes
944 461 1065 523 suaque

61 528 179 614 omnia,
198 548 280 611 quae
297 526 421 591 moveri
439 530 600 610 poterant,
618 527 739 610 partim
754 524 925 611 Salamina,
943 529 1063 611 partim

59 616 225 681 'lboezena
238 615 425 699 deportant:
444 634 551 680 arcem
568 615 789 679 sacerdotibus
807 615 983 698 paucisque
1001 638 1066 679 ma

59 704 186 770 ioribns
214 706 296 767 natu
317 703 357 766 ad
384 723 476 766 sacra
502 704 704 786 procuranda
731 702 877 786 tradunt,
905 702 1066 786 reliquum

59 793 221 878 oppidum
243 790 436 874 relinquunt.

151 878 258 944 Huius
281 879 451 944 consilium
473 878 636 962 plerisque
660 879 848 944 civitatibus
872 879 1107 962 displicebat3

63 974 98 1033 et
114 969 152 1032 in
169 971 254 1031 tcrra
272 966 419 1030 dimicari
437 966 542 1052 magis
561 967 718 1050 placebat.
750 968 860 1051 itaque
880 967 972 1032 missi
990 972 1067 1030 sunt

66 1055 179 1121 delecti
197 1076 270 1119 cum
283 1053 436 1137 Leonida,
454 1052 782 1119 Lacedaemoniorum
796 1077 880 1141 rege,
900 1056 955 1140 qui
969 1055 1067 1119 Ther-

63 1144 210 1228 mopylas
230 1145 426 1226 occuparent
443 1142 637 1227 longiusque
656 1144 812 1207 barbaros
830 1144 983 1229 progredi
1000 1166 1067 1208 non

60 1234 259 1317 paterentur.
304 1230 419 1295 iivim
445 1229 590 1294 hostium
617 1253 682 1295 non
713 1231 937 1296 sustinuerunt
964 1253 1065 1315 eoque
1101 1261 1103 1266 ·

60 1320 133 1386 loco
153 1340 265 1384 omnes
288 1317 491 1383 interierimt.
525 1322 560 1382 at
579 1319 691 1384 classis
711 1320 898 1384 communis
911 1318 1100 1384 Graeciaea

63 1411 281 1472 trecentarum
303 1406 443 1490 narium,
465 1407 501 1470 in
524 1428 587 1489 qua
605 1407 761 1473 ducentae
780 1412 873 1472 erant
890 1407 1066 1473 Athenien·

65 1495 164 1578 sium,
184 1496 327 1579 primum
350 1494 434 1578 apud
457 1493 673 1559 Artemisium
695 1496 780 1560 inter
802 1496 971 1562 Euboeam
994 1518 1067 1560 con-

63 1583 284 1667 tinentemque
316 1586 438 1646 terram
470 1603 544 1646 curn
576 1584 751 1648 classiariis
784 1584 882 1669 regiis
912 1583 1066 1648 conflixit.

61 1671 230 1757 angustias
259 1671 346 1735 enirn
372 1669 607 1735 Themistocles
637 1672 825 1754 quaerebat,
852 1692 892 1734 ne
920 1670 1066 1733 multitu-

61 1759 136 1824 dine
155 1759 388 1823 circumiretur.
425 1758 501 1823 hinc
520 1759 582 1821 etsi
601 1759 672 1841 pari
694 1758 818 1841 proelio
842 1758 1066 1840 discesserant,
1085 1774 1101 1821 3

63 1851 176 1910 tamen
199 1846 308 1911 eodem
330 1847 402 1911 loco
425 1868 490 1911 non
514 1850 590 1910 sunt
612 1847 683 1911 ausi
710 1868 852 1930 manere,
883 1845 969 1929 quod
996 1849 1066 1909 erat

63 1933 253 2018 periculum,
269 1956 319 2019 ne,
338 1935 367 1998 si
384 1956 459 2017 pars
478 1934 609 1998 navium
628 1935 885 2000 adversariorum
898 1934 1066 1999 Euboeam

64 2026 256 2106 superasset,
279 2022 414 2106 ancipiti
432 2028 654 2106 premerentur
672 2024 824 2108 periculo.
860 2045 924 2107 quo
942 2023 1066 2087 factum
1084 2039 1102 2087 4

62 2114 165 2175 estut
179 2111 220 2175 ab
234 2109 413 2175 Artemisio
432 2111 633 2176 discederent
649 2116 682 2176 et
696 2113 905 2177 exadversum
918 2110 1066 2175 Athenas

61 2199 149 2283 apud
172 2196 338 2263 Salamina
361 2199 498 2263 classem
521 2221 613 2263 suam
636 2200 880 2265 constituerent.

150 2285 198 2351 At
219 2285 343 2352 Xerxes
365 2286 591 2372 Thermopylis
620 2288 812 2371 expugnatis
840 2287 989 2368 protinus
1018 2285 1108 2350 ac-4

61 2374 162 2441 cessit
181 2378 255 2438 astu
273 2374 369 2458 idque
387 2375 487 2438 nullis
506 2374 750 2438 defendentibus
769 2372 949 2436 interfectis
965 2392 1067 2435 sacer·

62 2463 205 2546 dotibus,
223 2483 305 2546 quos
322 2463 358 2526 in
377 2484 448 2527 arce
463 2463 637 2545 invenerat,
654 2460 802 2525 incendio
816 2459 943 2523 delevit.
976 2459 1066 2524 cuius
1085 2476 1102 2524 a

64 2550 194 2614 flamma
215 2551 381 2635 perterriti
404 2551 562 2615 classiarii
586 2571 659 2614 cum
682 2569 810 2612 manere
828 2569 894 2612 non
913 2546 1068 2612 auderent

66 2643 99 2702 et
130 2639 261 2722 plurimi
293 2638 515 2722 hortarentur,
547 2642 585 2702 ut
616 2639 728 2701 domos
761 2658 835 2701 suas
867 2636 1068 2701 discederent

66 2727 298 2811 moenibusque
313 2749 347 2790 se
366 2727 580 2809 defenderent,
598 2725 833 2791 Themistocles
846 2746 930 2790 unus
944 2724 1068 2790 restitit

66 2817 100 2878 et
121 2815 289 2879 universos
311 2837 406 2900 pares
429 2836 499 2878 esse
522 2836 617 2898 posse
641 2813 761 2896 aiebat,
784 2814 946 2897 dispersos
970 2816 1068 2876 testa·

63 2902 162 2966 batur
182 2903 355 2987 perituros,
378 2902 474 2986 idque
496 2902 686 2986 Eurybiadi,
708 2902 779 2987 regi
801 2901 1068 2966 Lacedaemonio·

61 3012 144 3076 rum,
161 2992 218 3075 qui
233 2995 305 3055 turn
319 3012 464 3056 summae
478 2991 607 3075 imperii
620 2994 777 3074 praeerat,
790 2989 859 3054 fore
874 2988 1068 3053 affirmabat.

62 3100 160 3162 quem
183 3101 258 3144 curn
281 3079 387 3142 minus
412 3101 509 3162 quam
531 3079 630 3143 vellet
652 3081 806 3161 moveret,
829 3081 928 3142 noctu
947 3076 986 3139 de
1005 3093 1103 3141 ser-o

60 3167 111 3231 vis
135 3167 205 3232 suis
228 3188 325 3250 quem
347 3166 462 3230 habuit
484 3166 708 3231 fidelissimum
727 3165 767 3228 ad
786 3186 895 3250 regem
914 3163 1012 3245 misit,
1030 3167 1068 3226 ut

62 3255 93 3319 ei
115 3255 283 3320 nuntiaret
306 3254 374 3319 suis
393 3256 509 3338 verbis,
532 3253 731 3319 adversarios
751 3253 818 3316 eius
837 3253 872 3316 in
889 3251 967 3336 fuga
985 3271 1068 3314 esse:
1160 3257 1162 3260 ’

62 3343 120 3426 qui
139 3344 168 3408 si
187 3342 420 3424 discessissent,
438 3343 560 3406 maiore
575 3363 647 3407 cum
666 3341 776 3404 labore
791 3343 824 3402 et
842 3338 1067 3423 longinquiore
1086 3355 1104 3404 4

62 3435 212 3514 tempore
234 3431 357 3495 bellurn
380 3428 611 3512 confecturum,
634 3451 706 3492 cum
726 3427 871 3512 singulos
890 3427 1069 3491 consectari

62 3522 250 3604 cogeretur:
272 3539 354 3601 quos
369 3518 397 3582 si
412 3517 526 3581 statim
540 3517 779 3601 aggrederetur,
797 3514 887 3579 brevi
901 3512 1068 3579 universos
