2528 4042
350 163 449 218 XVIll.
468 162 648 219 EUMENES.
676 169 771 218 9-11.
1021 165 1063 228 77

57 305 209 390 reddant,
231 311 269 371 ut
291 307 482 371 assimulata
504 312 685 373 castrorum
709 310 938 375 consuetudine
961 310 1098 394 auspi-4

37 395 188 460 'cionem
214 394 349 460 iniciant
375 395 539 479 hostibus,
568 395 609 460 iis
637 396 717 460 locis
740 419 811 462 esse
835 403 942 462 castra
964 420 1002 463 ac
1024 399 1063 463 de

58 504 174 547 eorum
197 483 336 547 adventu
359 505 429 548 esse
452 484 729 569 praenuntiatum3
757 485 905 569 idemque
931 490 1064 570 postera

56 575 156 636 nocte
175 570 306 634 faciant.
339 571 456 655 quibus
473 571 668 655 imperatum
687 577 767 657 erat,
784 573 957 658 diligenter
974 596 1063 658 prae·
1081 588 1098 637 5

58 662 192 742 ceptum
211 663 334 723 curant.
369 657 555 744 Antigonus
574 660 717 725 tenebris
736 661 861 725 obortis
879 662 972 746 ignes
991 684 1063 727 con-

58 747 220 832 spicatur:
253 747 355 812 credit
381 747 420 811 de
448 768 506 812 suo
530 747 670 813 adventu
692 770 763 814 esse
786 749 932 814 auditum
955 753 989 813 et
1011 750 1063 814 ad-

59 834 222 901 versarios
235 834 313 898 illuc
327 856 402 899 suas
417 834 616 900 contraxisse
630 836 748 920 copias.
771 841 877 901 mutat
892 836 1063 902 consilium
1081 853 1097 901 o

59 927 108 1007 et,
137 922 288 1006 quoniam
314 922 535 1006 imprudentes
562 924 681 988 adoriri
707 946 773 989 non
803 929 929 1009 posset,
959 925 1063 990 flectit

59 1013 127 1076 iter
150 1031 242 1074 suum
261 1013 294 1074 et
313 1010 408 1074 illum
426 1009 608 1074 anfractum
625 1011 806 1097 longiorem
825 1013 973 1098 copiosae
991 1013 1063 1078 viae

60 1097 151 1182 capit
172 1098 281 1181 ibique
304 1097 389 1163 diem
411 1120 511 1162 unum
530 1099 697 1182 opperitur
715 1100 756 1164 ad
773 1101 998 1166 lassitudinem
1017 1122 1063 1166 se

59 1186 200 1252 dandam
223 1186 365 1248 militum
383 1207 421 1250 ac
438 1185 610 1250 reficienda
627 1186 780 1273 iumenta,
798 1187 867 1272 'quo
885 1189 1063 1274 integriore

61 1274 207 1339 exercitu
229 1273 422 1339 decerneret.

151 1360 205 1426 Sic
222 1361 383 1428 Eumenes
407 1361 558 1427 callidum
579 1362 808 1447 imperatorem
828 1364 908 1430 vicit
927 1365 1061 1431 consilio
1074 1364 1116 1429 10

64 1449 325 1531 celeritatemque
352 1449 521 1550 impedivit
547 1449 630 1535 eius,
655 1473 759 1535 neque
787 1456 897 1518 tamen
923 1453 1063 1518 multum

62 1536 1097 1711 tritt}ltbdtffitdttaltdttttl,lt²

60 1712 107 1778 lio
131 1713 342 1796 discessisset,
372 1712 539 1797 Antigono
562 1717 613 1777 est
635 1713 775 1798 deditus,
808 1736 881 1783 cum
903 1715 1061 1780 exercitus

61 1802 93 1866 ei
117 1803 169 1865 ter
191 1804 265 1865 ante
288 1801 446 1884 separatis
470 1801 670 1884 temporibus
697 1802 837 1866 iurasset
860 1824 894 1867 se
917 1825 990 1867 cum
1012 1804 1063 1868 de

59 1889 230 1954 fensumm
250 1910 354 1972 neque
376 1909 530 1971 umquam
552 1888 762 1954 deserturum.
806 1889 863 1955 sed
884 1894 978 1955 tanta
998 1889 1063 1955 fuit

60 1975 292 2042 nonnullorum
318 1976 450 2041 virtutis
479 1976 688 2062 obtrectatio,
719 1982 757 2042 ut
783 1978 880 2044 fidem
912 1979 1062 2044 amittere

61 2063 199 2129 mallent
226 2086 324 2147 quam
350 2086 424 2128 eum
449 2085 516 2128 non
543 2065 685 2148 perdere.
730 2069 828 2150 atque
857 2066 942 2132 hunc
969 2065 1096 2133 Anti-8

63 2173 182 2239 gonus,
209 2174 283 2217 cum
305 2152 335 2216 ei
356 2150 473 2217 fuisset
498 2151 743 2237 infestissimus,
770 2159 1006 2239 conservasset,
1034 2156 1063 2221 si

63 2261 123 2325 per
145 2259 221 2304 suos
244 2243 330 2304 esset
347 2240 482 2324 licitum,
505 2241 591 2323 quod
608 2242 648 2304 ab
667 2242 756 2306 nullo
776 2263 810 2306 se
828 2242 902 2325 plus
917 2243 1062 2307 adiuvari

63 2349 160 2412 posse
182 2327 394 2412 intellegebat
415 2328 451 2391 in
472 2328 519 2392 eis
542 2328 652 2412 rebus,
680 2350 759 2411 quas
786 2329 970 2412 impendere
997 2330 1063 2393 iam

64 2416 666 2587 ttcllltttlttttttl
681 2414 1061 2588 &titillabit

64 2593 94 2658 ei
118 2592 156 2656 de
179 2592 314 2656 summis
336 2592 432 2656 rebus
455 2595 526 2656 erat
548 2591 772 2656 dimicandum
810 2591 865 2656 sed
886 2613 952 2657 non
973 2593 1062 2677 passi
1080 2608 1098 2657 4

64 2683 141 2746 sunt
159 2679 184 2742 ii
202 2681 257 2762 qui
276 2680 361 2745 circa
379 2682 480 2762 erant,
503 2680 588 2761 quod
604 2679 757 2744 videbant
769 2678 914 2745 Eumene
932 2686 1062 2765 recepto

65 2788 176 2832 omnes
198 2789 275 2850 prae
297 2768 354 2832 illo
377 2767 469 2851 parvi
491 2765 628 2831 futuros.
663 2767 733 2851 ipse
750 2772 859 2833 autem
876 2768 1062 2854 Antigonus

66 2855 144 2920 adeo
173 2859 243 2919 erat
269 2855 431 2939 incensus,
461 2858 499 2919 ut
525 2855 589 2918 nisi
616 2875 734 2940 magna
761 2877 818 2940 spe
850 2857 1063 2920 maximarum

64 2965 174 3008 rerum
196 2942 291 3006 leniri
312 2964 378 3007 non
399 2946 519 3027 posset.

152 3029 267 3112 Itaque
290 3051 364 3094 cum
386 3052 459 3094 eum
480 3031 516 3095 in
538 3030 717 3096 custodiam
744 3031 886 3096 dedisset
912 3035 946 3096 et
972 3031 1112 3114 prae-ll

63 3121 169 3184 lectus
194 3117 364 3182 custodum
387 3119 579 3202 quaesisset,
607 3141 702 3201 quem
725 3119 919 3183 admodum
942 3119 1063 3182 servari

63 3207 171 3290 vellet,
190 3204 239 3270 ‘ut
256 3205 458 3269 acerrimum'
472 3205 579 3289 inquit
597 3206 734 3271 ‘leonem
753 3210 810 3271 aut
827 3204 1063 3271 ferocissimum

65 3293 298 3378 elephantum':
321 3292 463 3357 nondum
481 3294 566 3358 enim
585 3297 753 3377 statuerat,
771 3297 976 3359 conservaret
989 3315 1063 3358 eum

62 3402 173 3447 necne.
208 3381 358 3446 veniebat
382 3383 490 3444 autem
512 3381 553 3445 ad
570 3380 748 3447 Eumenem
770 3385 942 3463 utrumque
961 3398 1098 3466 genusii

62 3469 240 3554 hominum,
263 3473 296 3536 et
315 3468 370 3553 qui
388 3471 521 3552 propter
539 3470 648 3533 odium
665 3469 807 3534 fructum
821 3469 922 3534 oculis
937 3491 976 3534 ex
994 3469 1062 3535 eius
