2528 4042
162 172 203 237 78
393 140 396 145 ’
447 168 546 226 xvm
563 167 743 224 1111111111.
773 176 876 226 11.12.

163 341 239 385 casu
262 339 373 402 capere
397 315 527 400 vellent,
549 319 582 380 et
601 315 657 399 qui
673 318 807 398 propter
822 319 962 380 veterem
981 315 1154 381 amicitiam

163 407 305 492 colloqui
328 405 553 489 consolarique
576 407 736 487 cuperent,
759 403 853 468 multi
876 404 988 488 etiam,
1011 404 1067 486 qui
1092 404 1156 468 eius

163 496 303 562 formam
322 515 515 580 cognoscere
534 491 715 575 studebant,
738 491 842 572 qualis
861 495 955 576 esset,
976 513 1072 575 quem
1091 495 1157 556 tam

165 586 220 650 diu
247 590 379 668 tamque
401 582 492 647 valde
518 578 717 661 timuissent,
749 579 840 643 cuius
872 580 906 642 in
936 579 1077 662 pernicie
1106 601 1157 663 po-

130 675 265 740 ssitam
291 695 382 758 spem
410 669 597 735 habuissent
623 664 787 730 victoriae.
833 670 868 730 at
890 666 1064 751 Eumenes,
1087 688 1157 732 cum

166 763 288 829 diutius
310 763 345 827 in
366 758 477 824 vinclis
500 757 598 836 esset,
626 752 673 815 ait
696 751 915 838 Onomarcho,
942 777 1041 839 penes
1064 777 1156 839 quem

167 875 293 918 summa
319 845 443 930 imperii
465 845 534 907 erat
556 839 732 923 custodiae,
760 861 794 904 se
817 842 942 923 mirari,
971 865 1071 926 quare
1094 843 1156 907 iam

167 943 298 1007 tertium
320 936 402 999 diem
424 931 470 995 sic
492 931 668 992 teneretur:
696 949 762 992 non
789 928 875 992 enim
902 929 964 993 hoc
989 931 1155 996 convenire

167 1023 320 1110 Antigoni
341 1016 536 1105 prudentiae,
557 1018 594 1079 ut
612 1015 660 1080 sic
677 1019 822 1080 uteretur
840 1016 980 1081 devicto:
1004 1019 1086 1101 quin
1104 1023 1156 1084 aut

132 1110 301 1182 sintarfici
327 1105 541 1172 autmissum
568 1102 638 1167 fieri
665 1103 800 1168 iuberet.
844 1104 899 1168 hic
921 1126 994 1169 cum
1017 1106 1155 1172 ferocius

166 1196 364 1269 Onomarcho
386 1185 474 1275 loqui
496 1190 667 1275 videretur,
690 1190 801 1275 ‘quid‘l
837 1192 885 1256 tu'
908 1193 1014 1275 inquit
1038 1193 1156 1260 ‘animo

165 1290 192 1356 si
213 1288 276 1351 isto
299 1303 378 1364 eras,
400 1300 456 1344 cur
475 1299 541 1341 non
557 1277 593 1340 in
609 1279 733 1360 proelio
758 1280 902 1344 cecidisti
925 1282 1036 1364 potius
1061 1304 1157 1365 quam

130 1396 146 1444 s
163 1378 196 1442 in
212 1371 406 1458 potestatam
423 1364 546 1428 inimici
563 1365 726 1429 veniresl'
754 1365 829 1431 huic
842 1366 1004 1432 Eumenes
1019 1368 1157 1435 ‘utinam

163 1460 288 1548 quidem
304 1453 391 1518 istud
404 1452 576 1516 evenisset!
599 1453 656 1518 sed
674 1475 711 1517 eo
730 1474 795 1517 non
814 1455 940 1538 accidit,
964 1457 1050 1538 quod
1065 1481 1157 1523 num·

163 1567 256 1635 quam
278 1563 349 1606 cum
372 1540 508 1605 fortiore
536 1561 608 1605 sum
635 1561 840 1626 congressus:
874 1563 940 1605 non
967 1544 1053 1606 enim
1082 1567 1158 1610 cum

162 1650 319 1722 quoquam
342 1650 432 1692 arma
451 1629 582 1712 contuli,
605 1629 683 1713 quin
700 1629 728 1693 is
747 1629 828 1692 mihi
846 1630 1071 1694 succubuerit?
1101 1654 1158 1697 ne-

161 1717 272 1808 quaid
295 1719 366 1780 erat
392 1715 524 1782 falsum:
559 1739 626 1782 non
652 1716 737 1781 enim
764 1716 884 1781 virtute
910 1717 1069 1802 hostium,
1100 1721 1157 1785 sed

159 1807 332 1876 amicorum
354 1805 489 1889 perfidia
511 1805 637 1869 decidit.
659 1825 741 1866 *az*
762 1809 890 1869 namet
911 1805 1069 1890 dignitate
1092 1807 1157 1872 fuit

158 1895 293 1962 honesta
315 1896 349 1957 et
371 1892 493 1958 viribus
517 1893 557 1956 ad
578 1893 724 1959 laborem
745 1891 913 1957 ferendum
931 1893 1033 1958 firmis
1051 1916 1156 1978 neque

158 1988 223 2048 tam
245 1999 364 2063 magno
387 2001 521 2062 corpore
545 2001 641 2062 quam
663 1980 768 2064 figura
790 1985 934 2045 venusta.

109 2075 148 2142 12
242 2065 291 2130 De
322 2065 385 2130 hoc
416 2064 601 2151 Antigonus
635 2089 707 2130 cum
740 2068 827 2131 solus
861 2070 1057 2135 constituere
1090 2093 1155 2136 11011

156 2154 295 2238 auderet,
318 2154 358 2217 ad
382 2153 551 2218 consilium
573 2155 710 2218 rettulit.
745 2154 799 2218 hic
818 2176 891 2220 cum
915 2178 1025 2222 omnes
1048 2159 1154 2242 primo

153 2241 336 2328 perturbati
354 2241 589 2306 admirarentur
610 2264 676 2307 non
698 2243 764 2306 iam
786 2243 825 2308 de
844 2265 881 2309 eo
901 2249 1067 2329 sumptum
1085 2269 1154 2312 esse

155 2329 357 2415 supplicium,
380 2352 400 2394 a
423 2352 486 2413 quo
509 2333 561 2394 tot
584 2351 685 2394 annos
709 2331 787 2395 adeo
811 2336 920 2397 essent
938 2334 1022 2398 male
1039 2333 1154 2420 habiti,

154 2422 191 2482 ut
210 2440 305 2503 saepe
319 2418 359 2482 ad
374 2418 631 2502 desperationem
643 2417 751 2483 forent
765 2419 903 2504 adducti,
922 2422 1040 2504 quique
1056 2423 1154 2487 maxi-

121 2523 225 2572 amos
249 2507 345 2570 duces
367 2506 597 2590 interfecisset,
624 2507 760 2590 denique
787 2507 822 2571 in
849 2530 912 2591 quo
935 2531 999 2573 uno
1025 2513 1154 2576 tantum

155 2597 249 2676 esset,
271 2597 317 2677 ut,
341 2594 446 2676 quoad
468 2594 523 2658 ille
545 2594 677 2678 viveret,
699 2594 762 2678 ipsi
786 2596 889 2660 securi
911 2617 980 2660 esse
998 2619 1065 2661 non
1083 2621 1155 2682 pos·

155 2683 235 2763 sent,
253 2680 424 2745 interfecto
443 2681 525 2745 nihil
538 2682 683 2748 habituri
696 2682 821 2768 negotii
834 2687 956 2748 essent:
979 2690 1154 2770 postremo,

155 2768 183 2833 si
214 2767 263 2831 illi
291 2767 438 2832 redderet
469 2769 621 2854 salutem,
652 2771 862 2854 quaerebant,
895 2772 1013 2853 quibus
1041 2775 1154 2839 amicis

154 2859 241 2922 esset
263 2877 394 2921 usurus:
421 2878 491 2922 sese
514 2858 600 2922 enim
623 2879 696 2923 cum
718 2858 861 2923 Eumene
885 2860 970 2942 apud
993 2882 1066 2926 eum
1089 2885 1156 2928 non

119 2945 291 3012 afuturo&
333 2942 388 3010 hic
412 2945 542 3030 cognita
565 2947 692 3011 consilii
719 2946 885 3010 voluntate
915 2950 1025 3012 tamen
1051 2971 1154 3034 usque

155 3035 195 3099 ad
220 3033 396 3118 septimum
423 3033 508 3098 diem
535 3033 731 3098 deliberandi
758 3033 821 3097 sibi
849 3035 991 3117 spatium
1013 3037 1153 3121 reliquit.

154 3127 224 3187 tum
253 3126 374 3205 autem,
404 3143 477 3186 cum
503 3122 569 3185 iam
591 3124 756 3186 vereretur
777 3142 818 3185 ne
841 3144 905 3205 qua
928 3124 1044 3189 seditio
1068 3149 1154 3191 exer-

155 3212 238 3275 citus
263 3214 420 3293 oreretur,
448 3210 552 3274 vetuit
580 3230 773 3292 quemquam
801 3209 841 3273 ad
868 3232 941 3275 eum
969 3213 1099 3278 admitti
1122 3219 1155 3279 et

155 3298 367 3363 cottidianum
389 3299 512 3363 victum
534 3296 691 3361 removeri
719 3297 828 3362 iussit:
857 3321 933 3362 nam
954 3302 1097 3385 negabat
1120 3324 1153 3367 se

118 3386 183 3449 4ei
205 3387 271 3451 vim
295 3386 483 3469 allaturum,
511 3385 562 3450 cui
588 3385 760 3467 aliqnando
787 3384 903 3451 fuisset
926 3389 1056 3453 amicus.
1101 3391 1154 3455 hic

154 3476 262 3538 tamen
280 3496 346 3538 11011
364 3474 503 3558 amplius
518 3494 614 3557 quam
630 3474 773 3539 triduum
791 3472 876 3538 fame
894 3472 1062 3561 fatigatus,
1081 3500 1153 3543 cum
