2528 4042
146 181 193 245 74.
449 179 550 237 XVIII.
567 179 746 237 sonanda.
773 187 798 237 5.
817 188 841 238 6.

110 326 232 412 ogiae,
263 326 350 409 quod
371 324 465 391 Nora
491 325 686 410 appellatur,
717 325 871 412 confugit
914 328 949 392 in
977 349 1042 411 quo
1071 350 1141 394 oum

147 415 435 480 circumsederetur
465 419 498 479 et
529 418 709 499 vereretur,
739 437 780 480 ne
810 437 874 480 uno
905 415 976 482 loco
1009 437 1141 482 manens

147 525 247 587 equos
269 503 429 568 militares
451 502 607 587 perderet,
628 501 714 586 quod
732 502 874 586 spatium
891 525 956 568 non
973 508 1060 569 esset
1080 505 1142 590 agi·

147 591 254 677 tandi,
276 593 429 658 callidum
449 591 513 656 fuit
534 589 602 655 eius
625 589 805 674 inventum,
832 613 929 674 quem
951 591 991 656 ad
1012 593 1142 657 modum

149 684 241 745 stans
273 681 452 747 iumentum
478 676 658 743 concalfieri
689 678 892 760 exercerique
923 684 1048 764 posset,
1081 701 1141 764 quo

149 768 305 834 libentius
327 773 361 834 et
382 768 454 833 cibo
475 768 621 829 uteretur
643 767 677 828 et
694 786 714 828 a
731 766 877 848 corporis
901 771 993 832 motu
1015 789 1082 833 non
1099 790 1142 833 re

114 863 341 923 emoreretur.
381 852 622 936 substringebat
644 856 741 936 caput
763 852 833 916 loro
857 854 965 939 altius,
988 877 1087 939 quam
1108 859 1142 922 ut

151 946 311 1029 prioribus
328 941 462 1026 pedibus
475 940 569 1023 plene
583 945 703 1005 terram
715 944 826 1024 posset
840 942 1012 1027 attingere,
1032 943 1141 1009 deinde

150 1036 225 1116 post
246 1029 431 1096 verberibus
454 1029 591 1112 cogebat
614 1029 774 1094 exsultare
793 1031 826 1093 et
843 1029 947 1094 calces
965 1030 1142 1096 remitterer

150 1118 204 1201 qui
231 1121 339 1183 motus
364 1138 430 1182 non
456 1115 562 1180 minus
590 1117 739 1182 sudorem
766 1117 963 1203 excutiebat,
990 1119 1142 1201 quamsi

113 1205 181 1270 oin
204 1205 310 1289 spatio
333 1205 521 1270 decurreret.
566 1225 629 1288 quo
652 1204 863 1289 factumest,
886 1206 971 1289 quod
994 1207 1141 1272 omnibus

148 1293 296 1358 mirabile
314 1296 365 1358 est
381 1292 496 1374 visum,
511 1295 551 1355 ut
564 1312 664 1376 aeque
676 1293 781 1358 nitida
793 1293 938 1359 iumenta
951 1315 992 1358 ex
1009 1295 1142 1360 castello

147 1380 304 1464 educeret,
325 1401 399 1445 cum
420 1379 601 1462 complures
624 1401 750 1444 menses
772 1380 807 1443 in
829 1381 997 1446 obsidione
1019 1382 1143 1467 fuisset,

111 1485 184 1534 sac
207 1467 235 1532 si
256 1467 292 1532 in
313 1466 548 1550 campestribus
571 1488 610 1532 ea
630 1467 711 1533 locis
729 1466 905 1531 habuisset.
939 1469 974 1532 in
991 1469 1053 1535 hac
1072 1492 1144 1536 con·

147 1555 298 1638 elusione,
321 1555 608 1639 quotienscumque
630 1555 749 1639 voluit,
772 1558 961 1638 apparatum
985 1561 1019 1620 et
1041 1558 1145 1623 muni·

147 1644 251 1709 tiones
273 1640 433 1729 Antigoni
460 1644 540 1709 alias
567 1643 723 1726 incendit,
750 1642 830 1707 alias
857 1641 992 1708 disiecit
1037 1647 1147 1711 tenuit

147 1736 255 1796 autem
277 1752 311 1795 se
334 1754 398 1796 uno
421 1733 507 1817 loco,
531 1732 682 1816 quamdiu
704 1731 808 1796 biems
830 1729 906 1814 fuit,
928 1731 1014 1814 quod
1036 1737 1146 1798 castra

146 1818 205 1884 sub
235 1818 309 1884 divo
340 1819 460 1885 habers
486 1841 553 1885 non
582 1823 720 1904 poterat
764 1840 820 1883 ver
851 1819 1144 1902 appropinquabat:

146 1906 299 1971 simulata
312 1907 483 1992 deditione,
506 1908 582 1972 dum
595 1908 634 1972 de
648 1906 889 1973 condicionibus
907 1911 1038 1991 tractat,
1055 1930 1145 1990 prae·

145 1993 239 2059 fectis
252 1994 413 2081 Antigoni
435 1995 592 2078 imposuit
610 2017 706 2079 seque
725 2017 762 2060 ac
781 2016 856 2061 suos
876 2016 985 2060 omnes
1004 1997 1144 2062 extraxit

145 2081 331 2148 incolumes.

110 2170 131 2234 6
231 2169 284 2234 Ad
305 2170 391 2235 hunc
406 2169 583 2255 Olympias,
606 2174 710 2235 mater
733 2192 814 2254 quas
837 2170 944 2234 fuerat
957 2170 1142 2256 Alexandri,

146 2279 219 2322 cum
241 2259 369 2324 litteras
392 2263 426 2323 et
442 2259 574 2323 nuntios
597 2258 741 2323 misisset
763 2258 798 2323 in
815 2256 929 2323 Asiam
952 2260 1143 2344 consultum,

145 2349 256 2411 utrum
277 2347 452 2432 repetitum
469 2347 533 2411 iret
548 2345 769 2411 Macedoniam
792 2344 881 2433 (nam
903 2350 974 2411 tum
995 2347 1030 2411 in
1042 2347 1142 2432 Epiro

110 2433 331 2521 thabitabat)
355 2440 389 2500 et
416 2457 491 2500 suas
517 2457 568 2500 res
597 2438 780 2519 occuparet,
811 2434 887 2499 huic
917 2435 972 2499 ille
1003 2435 1143 2519 primum

146 2522 258 2608 suasit,
280 2545 320 2588 ne
344 2546 378 2588 se
401 2527 545 2588 moveret
567 2527 601 2588 et
619 2527 827 2608 exspectaret,
851 2522 955 2606 quoad
968 2520 1144 2589 Alexandri

144 2610 232 2674 fflius
254 2631 390 2696 regnum
413 2611 657 2695 adipisceretur3
688 2611 740 2675 sin
766 2612 875 2694 aliqua
897 2609 1075 2693 cupiditate
1097 2633 1144 2676 ra

145 2702 276 2781 peretur
293 2699 328 2763 in
350 2696 580 2783 Macedoniam,
604 2699 847 2764 oblivisceretur
870 2697 1014 2762 omnium
1034 2699 1143 2764 iniuri-

111 2801 127 2850 u
147 2807 238 2850 arum
261 2787 350 2850 etin
371 2787 532 2850 neminem
555 2788 718 2852 acerbiore
740 2790 886 2850 uteretur
908 2786 1054 2871 imperio.
1090 2788 1143 2853 ho·

146 2896 219 2939 rum
241 2874 299 2938 illa
320 2873 402 2937 nihil
424 2874 514 2939 fecit:
545 2896 622 2939 nam
645 2880 678 2939 et
699 2875 734 2939 in
756 2872 977 2938 Macedoniam
998 2876 1142 2959 profecta

147 2967 198 3028 est
224 2966 257 3027 et
285 2962 332 3026 ibi
362 2962 581 3027 crudelissimo
612 2984 646 3028 se
677 2962 789 3046 gessit.
833 2962 930 3046 petiit
961 2967 1071 3029 autem
1104 2963 1142 3029 ab

146 3052 290 3116 Eumene
314 3051 459 3134 absente,
485 3073 526 3115 ne
547 3054 714 3134 pateretur
736 3048 881 3133 Philippi
903 3051 1017 3115 domus
1041 3073 1080 3118 ac
1101 3051 1144 3117 fa·

147 3140 257 3204 miliae
270 3138 512 3203 inimicissimos
526 3138 662 3222 stirpem
676 3158 804 3220 quoquo
822 3138 1016 3223 interimere,
1033 3139 1143 3206 ferret

111 3257 128 3302 4
148 3249 209 3311 que
238 3249 332 3311 opem
359 3227 470 3291 liberis
493 3224 676 3290 Alexandri.
721 3247 818 3307 quam
840 3226 967 3291 veniam
990 3227 1019 3292 si
1046 3228 1143 3312 daret,

147 3337 244 3400 quam
270 3315 412 3398 primum
438 3313 596 3379 exercitus
623 3318 766 3399 pararet,
798 3336 879 3398 quos
907 3314 970 3378 sibi
1002 3317 1144 3382 subsidio

148 3404 326 3468 adduceret.
371 3403 404 3468 id
427 3424 490 3485 quo
517 3401 644 3466 facilius
667 3401 801 3487 faceret,
828 3424 862 3468 se
885 3402 1035 3469 omnibus
1057 3426 1144 3490 prae

147 3489 250 3576 fectis,
272 3492 328 3574 qui
351 3492 386 3555 in
409 3490 516 3555 officio
539 3492 725 3577 manebant,
748 3490 875 3555 misisse
897 3489 1035 3578 litterae,
1056 3498 1096 3559 ut
1117 3491 1144 3558 ei
