2528 4042
372 163 458 219 xxv.
477 162 636 219 Arctous
666 169 690 219 e.
707 170 746 219 ro.
997 166 1060 231 105

54 306 147 372 nulla
169 310 247 371 erat
291 329 358 371 non
380 308 485 373 solum
507 307 640 394 inimici,
663 309 718 392 qui
741 313 813 373 tum
835 315 928 374 erant
949 315 1060 396 poten-

55 395 177 460 tissimi
199 399 233 459 et
259 395 406 480 plurimi,
435 396 492 462 sed
513 396 613 462 etiam
638 397 693 481 qui
716 398 908 462 adversariis
932 399 1001 465 eius
1024 421 1059 466 se

54 483 268 550 venditabant
289 487 323 548 et
350 484 385 548 in
411 506 449 550 eo
476 484 630 550 laedendo
659 485 802 568 aliquam
830 492 1059 553 consecuturos

55 572 232 657 sperabant
254 572 533 658 commoditatem,
556 572 692 638 Antonii
714 572 891 638 familiares
914 575 1059 660 inseque-

54 663 189 743 bantur,
215 681 349 725 urorem
371 660 520 726 Fulviam
548 662 697 726 omnibus
725 663 822 726 rebus
846 663 985 746 spoliare
1009 686 1060 729 cu·

53 749 199 835 piabant,
221 748 341 813 liberos
364 749 464 814 etiam
486 750 691 835 exstinguere
713 751 883 834 parabant.
918 751 1095 836 Attienus

55 859 130 904 eum
153 834 317 903 Ciceronis
340 836 457 902 intima
479 837 703 903 familiaritate
726 842 882 922 uteretur,
906 840 1060 905 amicissi-

54 947 129 992 mus
152 929 239 990 esset
261 924 375 1010 Bruto,
398 947 465 991 non
487 925 583 990 modo
605 925 688 990 nihil
711 926 751 991 iis
774 927 910 993 indulsit
933 928 974 993 ad
996 927 1060 993 An-

54 1014 183 1081 tonium
205 1012 400 1098 violandum,
425 1013 481 1078 sed
502 1034 520 1077 e
544 1015 706 1079 contrario
730 1014 907 1081 familiares
930 1017 999 1081 eius
1022 1037 1061 1080 ex

54 1103 135 1169 urbe
153 1101 385 1186 profugientes,
408 1104 566 1185 quantum
583 1102 701 1185 potuit,
719 1103 810 1186 texit,
829 1104 945 1187 quibus
964 1105 1060 1169 rebus

55 1191 274 1276 indiguerunt,
293 1188 425 1253 adiuvit.
457 1188 574 1254 Publio
591 1211 667 1254 vero
682 1189 858 1256 Volumnio
879 1213 917 1256 ea
935 1193 1061 1277 tribuit,
1079 1211 1097 1262 4

54 1284 93 1345 ut
110 1280 206 1364 plura
220 1300 239 1341 a
256 1280 391 1361 parente
408 1277 571 1361 proficisci
583 1299 650 1342 non
667 1279 844 1363 potuerint.
873 1280 938 1365 ipsi
951 1285 1061 1346 autem

55 1366 204 1450 Pulviae,
234 1387 308 1430 cum
334 1365 448 1430 litibus
477 1366 685 1431 distineretur
712 1368 903 1452 magnisque
933 1370 1062 1435 terrori-

55 1457 118 1521 bus
145 1457 329 1538 vexaretur,
360 1457 454 1518 tanta
481 1454 650 1540 diligentia
679 1455 822 1520 officium
850 1478 944 1522 suum
971 1479 1062 1542 prae-

56 1545 154 1628 stitit,
176 1546 215 1608 ut
235 1543 362 1606 nullum
384 1542 442 1606 illa
465 1543 589 1608 stiterit
610 1543 830 1608 vadimonium
850 1545 919 1609 sine
938 1544 1062 1629 Attico,

55 1634 180 1700 Atticae
210 1652 347 1715 sponsor
377 1630 521 1694 omnium
553 1652 660 1695 rerum
691 1631 799 1695 fuerit
845 1633 923 1714 quin
953 1632 1096 1717 etiams

57 1742 134 1788 cum
164 1719 222 1782 illa
250 1718 386 1784 fundum
418 1719 558 1783 secunda
588 1717 721 1783 fortuna
748 1718 881 1784 emisset
911 1720 947 1783 in
976 1720 1061 1784 diem

57 1827 164 1891 neque
181 1810 255 1889 post
273 1807 492 1873 calamitatem
510 1828 676 1872 versuram
693 1806 799 1872 facere
817 1807 988 1894 potuisset,
1005 1808 1060 1872 ille

60 1917 96 1961 se
119 1894 312 1979 interposuit
338 1895 571 1978 pecuniamque
594 1895 663 1960 sine
685 1894 815 1960 faenore
838 1895 971 1979 sineque
994 1895 1062 1960 ulla

59 1982 268 2066 stipulatione
292 1983 441 2068 credidit,
468 1984 645 2048 maximum
669 1983 857 2049 existimans
882 1987 1062 2069 quaestum,

57 2093 234 2138 memorem
257 2075 451 2157 gratumque
475 2072 641 2158 cognosci,
668 2072 828 2156 simulque
856 2072 1003 2156 aperiens
1026 2094 1062 2137 se

55 2183 125 2226 non
141 2159 300 2244 fortunam,
319 2160 377 2225 sed
393 2160 580 2226 hominibus
595 2162 698 2226 solere
713 2182 783 2226 esse
798 2161 947 2225 amicum
980 2183 1061 2244 quae
1080 2181 1097 2229 a

57 2270 132 2315 cum
157 2247 313 2332 faciebat,
341 2269 436 2312 nemo
465 2270 538 2313 eum
566 2249 722 2331 temporis
750 2269 847 2313 causa
874 2248 980 2313 facere
1007 2269 1062 2330 po·

57 2340 144 2403 terat
167 2336 366 2401 existimare:
392 2336 515 2400 nemini
538 2336 624 2400 enim
646 2336 681 2400 in
704 2336 896 2418 opinionem.
912 2335 1063 2400 veniebat

56 2424 238 2492 Antonium
265 2445 374 2489 rerum
400 2424 590 2508 potiturum.
636 2424 692 2488 sed
715 2445 827 2488 sensus
852 2423 920 2487 eius
944 2444 963 2486 a
985 2441 1096 2491 non-v

56 2513 156 2580 nullis
171 2513 384 2597 optimatibus
399 2512 703 2597 reprehendebatur,
722 2511 808 2595 quod
820 2532 936 2594 parum
956 2511 1062 2576 odisse

57 2603 162 2668 malos
186 2601 271 2667 cives
293 2601 467 2666 videretur.
511 2600 566 2664 ille
591 2604 713 2685 autem,
736 2600 787 2664 sui
810 2599 929 2683 iudicii,
952 2599 1062 2683 potius

58 2690 136 2775 quid
163 2711 198 2754 se
224 2689 330 2755 facere
359 2711 420 2774 par
446 2692 532 2754 esset
560 2687 749 2752 intuebatur
777 2709 874 2771 quam
902 2687 979 2771 quid
1007 2686 1064 2752 alii

57 2777 222 2843 laudaturi
244 2777 360 2843 forent

146 2865 310 2932 Conversa
333 2866 441 2931 subito
464 2864 596 2930 fortuna
619 2868 677 2929 eat.
718 2869 756 2929 ut
778 2863 943 2930 Antonius
966 2864 1064 2928 rediit
1075 2864 1117 2930 10

57 2955 93 3018 in
123 2953 269 3038 Italiam,
300 2976 396 3019 nemo
427 2975 494 3018 non
525 2973 644 3038 magno
675 2952 710 3016 in
742 2953 886 3036 periculo
914 2950 1063 3016 Atticum

57 3046 191 3126 putarat
218 3046 352 3127 propter
378 3042 529 3107 intimam
556 3040 814 3105 familiaritatem
837 3038 1002 3104 Ciceronis
1031 3043 1064 3103 et

56 3130 162 3199 Bruti.
214 3130 324 3213 itaque
357 3129 399 3194 ad
434 3131 609 3195 adventum
644 3129 879 3212 imperatorum
916 3126 954 3190 de
991 3125 1098 3190 foros

58 3220 260 3302 decesserat,
291 3219 410 3282 timens
437 3218 727 3302 proscriptionem,
758 3215 945 3297 latebatque
979 3214 1064 3297 apud

57 3305 93 3372 P.
116 3306 343 3390 Volumnium,
366 3305 428 3389 cui,
450 3308 488 3368 ut
511 3306 727 3386 ostendimus,
748 3304 847 3387 paulo
871 3306 945 3366 ante
970 3323 1065 3384 opem

57 3396 179 3460 tulerat
207 3392 314 3480 (tanta
340 3393 480 3458 varietas
510 3393 551 3458 iis
579 3391 779 3476 temporibus
812 3391 875 3455 fuit
906 3389 1065 3473 fortunae,

57 3489 96 3549 ut
118 3484 215 3548 modo
242 3483 292 3568 hi,
320 3481 417 3548 modo
440 3480 489 3544 illi
512 3481 547 3544 in
569 3501 695 3547 summo
719 3483 828 3545 essent
851 3481 908 3543 aut
929 3477 1064 3563 fastigio
