2528 4042
225 177 268 242 88
520 175 606 231 xxn.
624 175 821 232 Hannone.
848 181 925 233 2-4.

226 343 287 405 que
315 321 527 387 diuturnitate
556 321 679 386 externi
706 321 784 385 mali
807 325 935 386 tantum
957 321 1077 385 exarsit
1099 320 1220 385 intesti-

223 431 302 475 num
324 409 455 494 bellum,
478 415 516 476 ut
532 431 708 492 numquam
725 410 762 474 iu
779 410 850 493 pari
867 408 1009 493 periculo
1026 407 1126 473 fuerit
1144 406 1220 472 Kar·

190 513 206 562 a
225 498 325 582 thago
348 498 413 562 nisi
436 521 510 563 cum
528 499 633 563 deleta
651 502 709 562 est.
740 497 846 581 primo
865 497 1075 562 mercennarii
1093 497 1220 581 milites,

225 585 341 668 quibus
361 587 512 651 adversus
531 586 695 651 Romanos
713 586 765 649 usi
783 588 884 670 erant,
908 585 1123 668 desciverunt,
1147 607 1220 668 quc·

224 695 297 738 rum
319 696 470 739 numerus
494 678 563 738 erat
585 673 702 757 viginti
725 673 859 737 milium.
895 672 920 736 ii
938 677 1043 738 totam
1066 673 1221 738 abaliene-

189 777 205 824 3
224 766 301 826 runt
314 761 468 846 Africam,
481 763 585 844 ipsam
597 760 832 845 Karthaginem
847 766 1083 848 oppugnarunt.
1107 762 1220 844 quibus

225 850 319 914 malis
343 851 421 914 adeo
444 853 520 913 sunt
542 849 641 912 Poeni
663 848 836 932 perterriti,
858 852 897 912 ut
919 849 1018 913 etiam
1041 849 1161 914 auxilia
1182 850 1221 914 ab

224 937 379 1002 Romanis
401 937 569 1022 petierint,
600 959 700 1020 eaque
723 938 946 1021 impetrarunt.
992 939 1048 1002 sed
1070 941 1221 1022 extremo,

225 1047 297 1089 cum
319 1046 419 1108 prope
437 1025 503 1089 iam
522 1025 562 1089 ad
580 1026 836 1108 desperationem
853 1026 1083 1109 pervenissent,
1101 1025 1222 1089 Hamil·

188 1130 206 1177 4
225 1133 330 1176 cerem
352 1112 581 1196 imperatorem
603 1113 757 1179 lecerunt.
801 1114 830 1179 is
852 1135 918 1178 non
940 1115 1046 1179 solum
1067 1114 1181 1178 hostes
1204 1135 1222 1177 a

223 1200 324 1263 muris
339 1198 552 1287 Karthaginis
570 1202 717 1287 removit,
735 1222 809 1267 cum
827 1201 965 1286 amplius
984 1206 1114 1267 centum
1133 1202 1222 1266 milia

222 1286 310 1352 facta
337 1293 445 1352 essent
473 1293 684 1372 armatorum,
714 1290 770 1354 sed
798 1291 897 1354 etiam
920 1311 958 1354 eo
989 1290 1159 1374 compulit,
1186 1293 1223 1354 ut

222 1375 368 1439 locorum
395 1378 554 1462 angustiis
582 1378 683 1441 clausi
709 1378 818 1458 plures
840 1377 925 1441 fame
949 1399 1046 1461 quam
1068 1377 1154 1443 ferro
1178 1378 1223 1442 in·

222 1464 367 1527 terirent.
404 1464 512 1529 omnia
530 1465 648 1548 oppida
661 1464 851 1547 abalienata,
869 1465 964 1529 ineis
979 1465 1110 1530 Uticam
1125 1470 1224 1549 atque

222 1549 420 1636 Hipponem,
446 1554 668 1617 valentissima
694 1552 796 1617 totius
823 1550 967 1636 Africae,
995 1553 1141 1617 restituit
1168 1576 1225 1637 pa-

188 1655 204 1704 5
223 1639 314 1704 triae.
343 1662 445 1724 neque
464 1662 502 1705 eo
520 1639 584 1705 fuit
602 1645 782 1724 contentus,
804 1640 977 1705 sedetiam
994 1640 1073 1704 fines
1092 1641 1226 1724 imperii

223 1729 433 1814 propagavit,
464 1733 536 1794 tota
563 1728 675 1794 Africa
706 1732 834 1793 tantum
866 1729 969 1792 otium
1000 1728 1153 1812 reddidit,
1185 1733 1226 1793 ut

222 1817 348 1881 nullum
370 1817 405 1880 in
427 1838 465 1881 ea
487 1818 609 1882 bellum
631 1817 792 1882 videretur
815 1816 926 1881 multis
950 1816 1042 1880 annis
1064 1815 1174 1881 fuisse.

187 1905 208 1970 3
311 1904 420 1969 Rebus
452 1905 503 1969 bis
535 1927 574 1969 ex
605 1906 765 1969 sententia
798 1904 937 1987 peractis
969 1904 1082 1968 fidenti
1114 1905 1223 1971 animo

223 1997 320 2074 atque
348 1991 466 2055 infesto
489 1992 659 2076 Romanis,
686 2013 749 2074 quo
777 1991 904 2056 facilius
927 2013 1058 2057 causam
1080 1992 1224 2058 bellandi

223 2079 387 2162 reperiret,
410 2079 516 2142 effecit
533 2084 570 2142 ut
592 2080 865 2163 imperatorcum
887 2081 1028 2144 exercitu
1050 2080 1085 2144 in
1107 2080 1223 2166 Hispa·

221 2167 310 2230 niam
324 2166 517 2251 mitteretur,
540 2188 640 2249 eoque
655 2187 763 2231 secum
780 2167 873 2232 duxit
888 2168 992 2233 filium
1005 2167 1222 2234 Hannibalem

187 2270 381 2319 sannorum
406 2275 531 2319 novem.
577 2258 647 2319 erat
673 2259 840 2339 praeterea
867 2277 940 2321 cum
967 2278 1005 2322 eo
1036 2257 1221 2323 adulescens

223 2343 374 2426 illustris,
401 2341 577 2427 formosus,
604 2342 802 2428 Hasdrubal,
832 2366 926 2427 quem
953 2345 1100 2410 nonnulli
1130 2346 1223 2432 diligi

223 2432 364 2516 turpius,
396 2453 493 2515 quam
521 2454 580 2515 per
607 2436 690 2515 erat,
722 2433 762 2497 ab
790 2430 974 2498 Hamilcare
1006 2434 1223 2516 loquebantur

224 2518 303 2605 (non
326 2519 411 2584 enim
434 2519 582 2584 maledici
605 2523 698 2585 tanto
720 2519 791 2585 viro
815 2521 924 2585 deesse
946 2519 1120 2607 poterant).
1159 2543 1222 2606 quo

222 2607 346 2671 factum
368 2611 478 2671 estut
501 2629 521 2672 a
541 2608 704 2691 praefecto
728 2630 855 2673 morum
877 2608 1061 2673 Hesdmbal
1087 2631 1161 2674 cum
1184 2630 1222 2675 eo
1260 2640 1263 2645 ·

222 2698 388 2758 vetaretur
410 2716 488 2759 esse.
520 2695 595 2761 huic
617 2695 672 2760 ille
695 2696 798 2761 ffliam
816 2718 908 2761 suem
925 2697 960 2760 in
978 2697 1222 2763 matrimonium

223 2781 324 2866 dedit,
354 2783 439 2865 quod
462 2784 607 2848 moribus
630 2805 741 2849 eorum
763 2806 829 2850 non
850 2788 979 2868 poterat
1000 2786 1151 2851 interdici
1173 2807 1223 2852 so·

187 2887 296 2935 acero
319 2891 447 2954 genero.
492 2871 530 2934 de
552 2871 615 2936 hoc
636 2872 709 2937 ideo
733 2872 930 2938 mentionem
958 2872 1107 2958 fecimus,
1137 2874 1223 2959 quod

222 2958 406 3023 Hamilcare
426 2959 532 3023 occiso
550 2959 605 3023 ille
625 2961 779 3025 exercitui
796 2959 937 3043 praefuit
955 2982 1069 3044 resque
1087 2983 1222 3048 magnas

246 3047 325 3111 essit
348 3050 382 3110 et
403 3048 552 3131 princeps
576 3047 748 3134 largitione
770 3051 918 3113 vetustos
941 3050 1098 3133 pervertit
1116 3071 1222 3116 mores

222 3068 544 3220 liarthaginiensium
567 3136 771 3218 eiusdemque
798 3140 1035 3219 postmortem
1057 3136 1223 3203 Hannibal

223 3224 264 3287 ab
288 3222 430 3287 exercitu
453 3223 578 3306 accepit
600 3223 779 3306 imperium.

78 3301 81 3306 ’
186 3309 209 3374 4
309 3310 356 3375 At
382 3308 561 3395 Hamilcar,
588 3315 801 3395 posteaquam
828 3334 915 3376 mare
943 3313 1075 3379 transiit
1105 3315 1141 3380 in
1167 3314 1223 3380 Hi·

224 3399 431 3482 spaniamque
454 3399 552 3484 venit,
574 3419 708 3484 magnas
727 3420 779 3464 res
798 3401 937 3466 secunda
955 3401 1059 3486 gessit
1076 3401 1223 3469 fortuna:

223 3487 378 3551 maximas
388 3487 715 3572 bellicosissimasque
725 3492 838 3573 gentes
849 3489 988 3574 subegit,
1001 3490 1102 3575 equis,
1116 3492 1224 3577 armis,
