2528 4042
151 205 192 267 10
425 201 459 258 1.
479 168 762 258 rnnmsroccas.
788 207 867 258 4—6.

150 368 387 432 oppressurum.
428 345 491 411 hoc
514 367 552 412 eo
575 348 713 431 valebat,
736 351 774 410 ut
796 347 947 432 ingratiis
971 346 1011 411 ad
1033 346 1142 432 depug

115 436 290 501 errandum
318 454 430 500 omnes
453 438 652 520 cogerentur.
696 435 758 499 hac
784 457 819 499 re
847 435 958 499 audita
984 434 1190 532 barbarus,

149 524 231 588 nihil
259 523 325 588 doli
352 523 484 587 subesse
512 523 657 606 credens,
686 522 843 605 postridie
867 522 1064 587 alienissimo
1089 522 1190 610 sibi

149 613 236 696 loco,
268 615 382 676 contra
412 610 687 694 opportunissimo
718 609 869 675 hostibus
902 609 980 675 adeo
1013 613 1188 695 angustQ

150 700 233 764 mari
251 699 406 782 conflixit,
428 702 466 761 ut
484 698 552 762 eius
571 697 747 763 multitudo
765 698 897 762 navium
915 698 1069 781 explicari
1087 719 1192 786 neq

150 788 301 872 potuerit.
346 787 452 850 111111
480 807 557 871 ergo
585 789 636 849 est
663 786 768 871 magis
791 786 891 850 etiam
914 786 1049 851 consilio
1072 785 1174 850 The,

150 875 293 941 mistocli
317 895 414 958 quam
437 874 536 937 armis
561 871 723 938 Graeciae.

109 965 131 1030 b
237 963 300 1027 Hic
323 962 386 1025 etsi
409 962 493 1025 male
516 983 584 1025 rem
607 965 769 1047 gesserat,
792 966 901 1026 tamen
924 965 1033 1026 tantae
1056 962 1155 1027 habe·

150 1053 208 1116 bat
238 1050 392 1133 reliquias
420 1049 600 1134 copiarum,
631 1053 669 1114 11
699 1050 869 1114 etiamtum
898 1050 940 1114 iis
971 1049 1155 1133 opprimere

149 1142 262 1223 posset
287 1138 415 1202 hostes:
442 1137 560 1201 iterum
589 1137 629 1202 ab
658 1137 771 1202 eodem
793 1137 896 1223 gradu
918 1136 1071 1221 depulsus
1095 1142 1155 1203 est.

149 1248 226 1291 nam
243 1225 488 1309 Themistocles,
511 1246 623 1289 verens
641 1247 681 1289 ne
699 1226 820 1289 bellare
836 1229 1066 1309 perseveraret,
1090 1247 1155 1291 cer·

150 1315 268 1379 1101111
287 1336 360 1378 eum
382 1313 461 1378 fecit
483 1312 516 1377 id
535 1313 598 1398 agi,
620 1317 658 1377 ut
675 1334 767 1398 pons,
791 1335 886 1397 quem
903 1314 959 1377 ille
977 1314 1012 1376 in
1030 1313 1155 1379 Helles-

80 1417 82 1424 '
149 1408 250 1486 ponto
279 1402 413 1485 fecerat,
441 1401 671 1466 dissolveretur
701 1422 738 1466 ac
765 1401 871 1466 reditu
898 1401 933 1465 in
960 1400 1076 1466 Asiam
1104 1424 1155 1467 ex·

116 1507 132 1555 2
151 1490 342 1573 cluderetur,
360 1489 456 1572 idque
475 1489 505 1552 ei
522 1490 693 1573 persuasit.
716 1490 826 1572 itaque
842 1511 906 1573 qua
919 1511 975 1554 sex
989 1490 1153 1556 mensibus

150 1580 213 1643 iter
240 1578 374 1661 fecerat,
402 1577 513 1641 eadem
540 1577 647 1641 minus
674 1577 787 1642 diebus
815 1578 952 1663 triginta
978 1577 1013 1642 in
1038 1575 1153 1642 Asiam

150 1688 297 1731 reversus
321 1669 372 1730 est
396 1686 492 1748 seque
512 1688 531 1729 a
549 1665 766 1730 Themistocle
788 1686 855 1730 non
878 1669 1071 1749 superatum,
1095 1665 1152 1728 sed

115 1771 131 1819 3
151 1757 376 1820 conservatum
390 1753 553 1818 iudicavit.
581 1754 628 1818 sic
643 1754 738 1818 unius
752 1754 814 1818 viri
832 1753 1003 1837 prudentia
1016 1749 1151 1816 Graecia

149 1844 289 1907 liberata
311 1846 362 1906 est
384 1841 597 1925 Europaeque
628 1842 798 1906 succubuit
819 1840 908 1906 Asia.
948 1841 1028 1932 11111
1050 1840 1154 1905 altera

150 1931 302 2014 victoria,
325 1950 406 2011 quae
430 1950 504 1992 cum
525 1928 732 1993 Marathonio
756 1929 861 2012 possit
885 1929 1066 2012 comparari
1089 1932 1156 1994 tro·

150 2039 240 2101 1110.
280 2038 357 2081 nam
384 2017 455 2099 pari
483 2016 579 2080 modo
602 2016 687 2099 apud
711 2014 874 2081 Salamina
896 2038 996 2100 parvo
1018 2038 1155 2082 numero

149 2105 281 2170 navium
304 2104 445 2167 maxima
467 2107 544 2188 post
565 2104 734 2168 hominum
757 2104 947 2170 memoriam
970 2105 1085 2171 classis
1104 2110 1156 2170 est

153 2193 287 2258 devicta.
814 2239 817 2246 -

111 2283 131 2346 6
238 2281 377 2367 Magnus
400 2281 462 2346 hoc
484 2280 571 2345 bello
590 2279 825 2346 Themistocles
844 2281 909 2346 fuit
925 2302 1029 2364 neque
1048 2280 1154 2347 minor

149 2370 184 2434 in
215 2391 303 2454 pace.
348 2390 421 2433 cum
453 2369 539 2432 enim
568 2366 736 2433 Phalerico
768 2373 866 2454 portu
897 2391 1001 2453 neque
1033 2391 1155 2456 magno

148 2478 253 2541 neque
275 2459 361 2522 bono
380 2456 595 2521 Athenienses
618 2459 795 2542 uterentur,
816 2457 912 2522 huius
936 2457 1072 2522 consilio
1096 2458 1156 2522 tri-

149 2546 225 2628 plex
251 2545 358 2608 Piraei
389 2548 504 2628 portus
536 2543 733 2610 constitutus
766 2549 817 2610 est
847 2546 951 2628 iisque
983 2545 1155 2611 moenibus

150 2632 380 2715 circumdatus,
407 2635 445 2696 ut
471 2632 577 2714 ipsam
603 2633 716 2697 urbem
739 2632 897 2719 dignitate
920 2633 1157 2718 aequiperaret,

115 2737 131 2785 a
150 2720 293 2784 utilitate
313 2722 488 2803 superaret.
510 2720 596 2784 idem
614 2743 723 2786 muros
741 2720 989 2786 Atheniensium
1007 2722 1156 2788 restituit

149 2809 322 2892 praecipuo
353 2829 411 2872 suo
438 2807 590 2891 periculo.
639 2830 778 2892 namque
807 2807 1054 2874 Lacedaemonii
1082 2832 1157 2876 cau-

151 2916 221 2960 sam
231 2896 380 2961 idoneam
390 2896 479 2960 nacti
490 2899 624 2981 propter
636 2898 848 2961 barbarorum
862 2898 1075 2982 excursiones,
1090 2921 1156 2983 qua

149 2983 1155 3141 11111111111111111111

150 3161 300 3244 siderent,
313 3123 528 3225 Athehienses
543 3160 748 3224 aedificantes
762 3095 932 3244 prohibere
947 3166 1024 3226 sunt
1033 3097 1154 3230 corihti.

31 3294 32 3299 1
114 3249 211 3314 ehoe
233 3249 330 3334 longe
349 3249 412 3312 alio
433 3248 601 3332 spectabat
620 3251 717 3330 atquc
736 3247 837 3313 videri
855 3251 1015 3314 volebant.
1051 3250 1154 3317 Athe·

149 3337 276 3401 nienses
305 3337 391 3400 enim
423 3336 545 3400 duabus
574 3335 734 3420 victoriis,
765 3334 971 3401 Marathonia
1002 3342 1036 3402 11
1064 3337 1153 3406 Sala·

149 3425 258 3508 minia,
281 3428 407 3488 tantam
430 3423 568 3508 gloriam
592 3424 676 3506 apud
699 3445 809 3488 omnes
832 3428 945 3511 gentes
965 3430 1058 3490 erant
1078 3449 1152 3494 1011-

149 3513 265 3594 secuti,
297 3516 334 3575 ut
365 3511 592 3595 intellegerent
620 3509 866 3576 Lacedaemonii
895 3512 934 3576 de
964 3515 1153 3601 principatu
