2528 4042
144 184 189 247 sd
444 178 515 237 xvi
534 178 741 236 PELOPIDAS.
769 185 847 235 a--a

109 324 321 480 dett?
335 325 786 480 ttttddr‘ttttt
798 326 1152 501 llllassithqllssl

144 501 287 587 aperiret
309 524 423 569 eorum
450 503 656 568 dementiam.
702 502 805 567 allata
827 506 879 568 est
901 503 988 568 enim
1009 502 1152 587 epistula

144 590 286 658 Athenis
312 592 354 657 ab
381 590 521 675 Archia,
553 612 617 654 uno
645 610 685 654 ex
713 590 755 655 iis
781 593 837 673 qai
861 593 960 659 eocrre
984 595 1153 674 praeerant

144 678 332 762 Etaeiair‘s,
354 678 507 759 Archiae,
538 677 594 760 qui
621 681 693 742 tum
720 679 899 744 maximum
922 681 1150 767 magistratum

144 766 266 835 Thebis
285 767 463 850 obtinebat,
485 766 520 829 in
542 786 607 849 qua
630 765 738 830 omnia
761 767 800 831 de
818 767 1020 852 profectione
1039 790 1150 833 eorum

144 857 325 941 perscripta
352 858 454 920 erant
500 875 582 938 quae
610 877 683 919 oum
715 855 781 919 iam
813 856 985 920 accubanti
1017 857 1053 921 in
1079 878 1151 921 oon-

144 945 232 1009 ririo
250 946 336 1008 esset
353 942 438 1026 data,
457 942 542 1007 sieut
560 948 631 1008 erat
650 944 787 1030 signata,
806 945 866 1008 sub
880 945 1052 1028 pulvinum
1066 945 1150 1009 subi-

110 1047 127 1099 8
146 1032 233 1099 ciens
256 1030 302 1095 ‘in
324 1031 513 1096 crastinum’
537 1032 645 1117 inquit
667 1030 791 1098 ‘differo
815 1053 866 1097 res
890 1032 1010 1097 serias?
1049 1033 1150 1097 atilli

145 1140 270 1202 omnes,
298 1140 372 1184 cum
400 1119 466 1184 iam
488 1142 553 1185 nox
579 1121 806 1206 processisset,
832 1121 989 1185 vinolenti
1012 1122 1054 1186 ab
1078 1143 1150 1185 exu-

143 1206 230 1271 libus
253 1207 333 1273 duce
347 1207 503 1292 Pelopida
526 1214 602 1273 sunt
620 1209 793 1274 interfecti
830 1209 947 1293 quibus
966 1209 1063 1274 rebus
1079 1231 1150 1274 con·

144 1294 249 1378 fectis,
272 1297 371 1381 vulgo
385 1296 426 1360 ad
447 1317 538 1361 arma
555 1297 806 1380 libertatemque
821 1303 947 1382 vocato,
965 1319 1030 1362 non
1044 1298 1150 1363 solum

145 1382 201 1467 qui
231 1384 266 1447 in
292 1385 372 1448 urbe
400 1388 507 1466 erant,
534 1384 590 1447 sed
616 1384 718 1448 etiam
740 1384 881 1467 undique
905 1407 944 1449 ex
967 1386 1054 1471 agris
1078 1408 1150 1452 con·

144 1477 325 1557 currerunt,
353 1471 550 1556 praesidium
572 1470 902 1535 Lacedaemoniorum
930 1494 969 1536 ex
996 1494 1070 1538 arce
1098 1495 1151 1559 pe

144 1560 307 1646 pulerunt,
331 1560 472 1645 patriam
495 1559 661 1625 obsidione
685 1559 874 1644 liberarunt,
897 1563 1045 1623 auctores
1069 1560 1152 1627 ead-

145 1671 235 1714 meae
255 1649 457 1734 occupandae
476 1648 597 1733 partim
615 1647 811 1732 occiderunt,
829 1647 951 1732 partim
968 1647 1153 1712 inexilium

147 1738 317 1804 eiecerunt.

109 1825 132 1890 4
234 1827 306 1893 Hoc
329 1830 398 1891 tam
421 1827 551 1892 turbido
575 1829 731 1910 tempore,
754 1825 839 1890 siout
857 1846 956 1908 supra
973 1823 1152 1908 docuimus,

145 1915 397 1998 Epaminondas,
420 1915 525 1997 quoad
543 1937 617 1978 cum
635 1913 759 1978 civibus
778 1913 967 1977 dimicatum
985 1916 1045 1996 est,
1063 1912 1151 1977 domi

147 2003 275 2086 quietus
297 2001 369 2066 fuit.
408 2002 517 2085 itaque
540 2002 620 2066 haec
643 2002 854 2066 liberatarum
872 2001 1058 2065 Thebarum
1080 2022 1151 2085 pro

145 2091 218 2174 pria
240 2091 311 2154 laus
335 2092 386 2153 eet
407 2087 595 2172 Pelopidae,
625 2093 750 2154 ceterae
777 2088 845 2153 fere
868 2110 1054 2153 communes
1079 2110 1151 2154 cum

111 2177 380 2263 allpaminonda.
415 2197 553 2261 namque
575 2178 612 2241 ta
633 2175 803 2242 Leuctrica
825 2197 934 2263 pugna
956 2177 1150 2260 imperatore

146 2266 372 2352 Epaminonda
393 2265 447 2354 hic
469 2265 533 2329 fuit
556 2264 621 2330 dux
638 2265 780 2330 delectae
800 2287 924 2349 manus,
947 2287 1028 2349 quae
1047 2267 1151 2349 prima

112 2356 341 2442 aphalangem
371 2355 550 2439 prostravit
579 2352 752 2419 Laconum.
803 2353 953 2418 omnibus
984 2357 1151 2437 praeterea

147 2445 299 2528 periculis
322 2445 387 2508 cias
409 2442 502 2507 affirit
525 2439 636 2528 (sicut,
667 2440 819 2526 Spartam
842 2463 916 2506 oum
943 2442 1150 2528 oppugnavit,

148 2533 287 2597 alterum
310 2532 416 2596 tenuit
439 2529 562 2616 comu),
585 2521 879 2615 quoque'Messena
903 2530 1037 2594 celerius
1061 2530 1151 2595 resti·

148 2623 302 2704 tueretur,
320 2620 448 2705 legatus
462 2619 497 2683 in
510 2618 626 2683 Persas
641 2623 692 2683 est
710 2617 883 2703 profectus.
923 2617 1060 2701 denique
1073 2619 1151 2684 haec

147 2708 211 2772 fuit
234 2708 337 2772 altera
358 2728 497 2790 persona
511 2706 640 2791 Thebis,
663 2706 720 2771 sed
741 2711 851 2771 tamen
874 2705 1014 2770 secunda
1035 2707 1094 2791 ita,
1117 2709 1151 2772 ut

147 2796 296 2880 proxima
318 2799 405 2860 esset
426 2795 678 2878 Epaminondae.

113 2885 135 2952 5
238 2882 450 2949 Conflictatus
466 2887 574 2948 autem
587 2887 638 2947 est
651 2883 751 2948 etiam
765 2882 899 2946 adversa
912 2881 1052 2947 fortuna.
1078 2904 1152 2948 nam

150 2978 184 3038 et
205 2972 309 3056 initio,
334 2972 418 3037 sicut
441 2972 650 3056 ostendimus,
673 2971 747 3035 exul
764 2971 873 3053 patria
892 2971 996 3035 caruit
1015 2976 1058 3055 et,
1081 2992 1152 3038 cum

148 3061 350 3126 Thessaliam
381 3060 416 3124 in
446 3064 644 3144 potestatem
675 3059 903 3124 Thebanorum
939 3064 1073 3143 cuperet
1109 3081 1152 3125 re

149 3150 258 3236 digere
282 3148 519 3235 legationisque
542 3149 612 3213 iure
635 3147 715 3212 satis
734 3151 859 3212 tectum
877 3169 912 3211 se
931 3148 1152 3233 arbitraretur,

151 3238 236 3322 quod
259 3237 344 3321 apud
368 3258 479 3302 omnes
503 3240 615 3323 gentes
639 3239 787 3303 sanctum
811 3257 881 3300 esse
905 3242 1111 3322 consuesset,
1136 3260 1153 3300 a

150 3330 289 3409 tyranno
312 3324 497 3390 Alexandro
520 3324 664 3388 Pheraeo
688 3323 785 3389 simul
809 3345 883 3389 cum
907 3323 1049 3390 Ismenia
1072 3347 1154 3391 com·

115 3428 131 3477 2
150 3415 327 3495 prehensus
350 3414 385 3477 in
407 3413 513 3478 vincla
535 3411 699 3476 coniectus
718 3417 777 3477 est.
810 3412 895 3477 hunc
912 3411 1153 3495 Epaminondas

151 3502 370 3587 recuperavit,
402 3501 488 3566 bello
519 3521 715 3584 persequens
743 3499 971 3565 Alexandrum,
1015 3506 1093 3586 post
1123 3501 1155 3566 id
