2528 4042
526 871 591 946 EX
617 872 756 946 LIBRO

203 1120 205 1124 ,
332 1035 639 1121 connum
684 1036 953 1124 Nuporls

370 1203 430 1268 nn
454 1202 632 1268 annuis
655 1203 915 1272 msuonrors.

501 1451 627 1526 XXIV.
655 1451 785 1525 ΟΑΤΟ.

110 1593 128 1658 l
231 1590 275 1656 M.
294 1590 386 1677 (lato,
404 1595 495 1657 ortus
514 1590 688 1674 municipio
707 1590 855 1676 Tusculo,
874 1591 1149 1678 adulescentulus,

144 1680 332 1764 priusquam
358 1679 534 1746 honoribus
563 1701 694 1763 operam
721 1680 825 1765 daret,
856 1682 1003 1744 uersatus
1032 1683 1084 1743 cst
1112 1681 1148 1744 in

146 1768 284 1854 Sabinis,
307 1769 392 1852 quod
415 1768 462 1832 ibi
483 1763 650 1832 heredium
673 1789 693 1832 a
714 1772 807 1853 patre
825 1767 975 1833 relictum
992 1767 1146 1833 habebat

144 1858 217 1921 inde
248 1857 383 1920 hortatu
409 1855 445 1919 L.
468 1853 592 1919 Valerii
619 1854 745 1940 Flacci,
782 1877 878 1939 quem
908 1857 943 1919 in
974 1857 1146 1921 consulatu

145 1964 341 2025 censuraque
368 1943 484 2006 habuit
511 1942 683 2027 collegam,
712 1947 750 2006 ut
776 1941 820 2006 M.
843 1942 1011 2026 Perpenna
1038 1964 1146 2009 censo

146 2032 213 2095 rius
235 2051 367 2094 narrare
391 2029 507 2094 solitus
530 2033 593 2113 est,
622 2029 762 2093 Romam
789 2031 982 2115 demigravit
1004 2031 1040 2095 in
1061 2031 1146 2097 foro

108 2135 207 2203 aque
226 2139 295 2182 csse
314 2117 429 2202 coepit.
463 2117 603 2200 primum
627 2117 823 2200 stipendium
846 2119 965 2183 meruit
988 2141 1144 2185 annorum

145 2209 254 2272 decem
286 2210 481 2292 septemque.
528 2205 564 2281 Q.
591 2204 694 2270 Fabio
724 2205 767 2270 M.
791 2205 926 2271 Claudio
959 2208 1142 2272 oonsulibus

145 2296 294 2361 tribunus
313 2295 454 2359 militurn
472 2294 507 2357 in
527 2291 637 2358 Sicilia
659 2292 731 2357 fuit.
766 2295 840 2359 inde
859 2299 896 2359 ut
914 2295 1019 2380 rediit,
1039 2299 1146 2361 castra

146 2389 274 2449 secutus
298 2387 348 2447 est
372 2381 406 2448 O.
430 2381 556 2447 Claudii
578 2380 732 2466 Neronis,
759 2384 933 2467 magnique
956 2404 1055 2466 opera
1077 2384 1146 2449 eius

147 2472 332 2537 existimata
359 2474 410 2535 est
438 2470 473 2534 in
502 2469 625 2553 proelio
658 2470 743 2554 apud
772 2469 902 2555 Senam,
934 2491 997 2553 quo
1031 2472 1148 2537 cecidit

111 2578 128 2626 a
146 2559 340 2641 Hasdrubal,
357 2557 459 2622 frater
472 2556 675 2622 Hannibalis.
706 2562 858 2642 quaestor
876 2557 998 2643 obtigit
1011 2558 1047 2623 P.
1061 2560 1148 2625 Afri-

148 2669 226 2713 cano
255 2646 391 2730 consuli,
422 2668 495 2710 cum
523 2667 586 2729 quo
612 2668 679 2710 non
706 2668 765 2730 pro
790 2646 887 2710 sortis
910 2647 1148 2714 necessitudine

146 2735 241 2801 vixit:
271 2755 410 2818 namque
433 2734 474 2797 ab
498 2755 535 2798 eo
557 2738 714 2819 perpetua
736 2733 889 2798 dissensit
911 2735 987 2799 vita.
1033 2737 1148 2802 aedilis

110 2824 253 2908 splebei
276 2822 381 2887 factus
406 2825 455 2886 est
478 2842 551 2886 cum
574 2821 608 2889 Ο.
631 2822 756 2886 Helvio.
793 2826 926 2905 praetor
947 2823 1149 2908 provinciam

149 2911 290 2978 obtinuit
319 2909 513 2995 Sardiniam,
541 2931 580 2974 ex
608 2932 671 2994 qua
698 2913 851 2993 quaestor
877 2911 1041 2995 superiore
1069 2917 1148 2977 tem-

148 3021 226 3087 pore
245 3021 283 3085 ex
297 2998 409 3064 Africa
428 2999 581 3063 decedens
601 2997 638 3074 Q.
652 2996 793 3061 Ennium
811 3003 942 3081 poetam
963 2999 1149 3084 deduxerat,

149 3089 234 3174 quod
262 3109 328 3151 non
354 3087 488 3152 minoris
517 3086 725 3164 aestimamus
754 3106 851 3168 quam
878 3088 1055 3170 quemlibet
1085 3111 1150 3154 am-

148 3177 332 3262 plissimum
355 3173 592 3239 Sardiniensem
614 3173 823 3257 triumphum.

113 3266 135 3330 2
238 3262 451 3330 Consulatum
473 3261 575 3347 gessit
599 3282 671 3326 cum
693 3260 729 3325 L.
747 3259 879 3326 Valerio
898 3261 1024 3329 Flacco.
1062 3270 1150 3330 sorte

149 3351 348 3436 provinciam
370 3354 485 3415 nactus
504 3349 696 3433 Hispaniam
720 3350 902 3414 citeriorem
921 3372 959 3414 ex
977 3373 1015 3416 ea
1037 3353 1150 3418 trium-

114 3455 131 3505 2
150 3439 250 3523 phum
271 3439 461 3523 deportavit.
492 3437 538 3501 ibi
557 3459 629 3503 cum
648 3439 769 3502 diutius
784 3441 973 3523 moraretur,
991 3439 1025 3504 P.
1041 3439 1149 3525 Scipio
