2528 4042
402 157 449 213 IV.
467 157 679 216 PAUSANIAS.
707 165 732 217 5.
1025 162 1066 226 19

56 304 120 369 vit
156 304 202 367 sic
220 301 399 367 Pausanias
419 323 570 387 magnam
588 302 666 367 belli
689 304 826 389 gloriam
849 306 938 390 turpi
961 310 1065 372 morte

59 391 244 456 macularit.
289 391 381 456 cuius
405 390 525 455 mortui
549 412 665 474 corpus
689 413 762 456 cum
785 393 897 457 codem
918 395 1100 459 nonnullis

60 481 205 546 dicerent
236 477 350 543 inferri
379 482 543 563 oportere,
574 500 638 562 quo
668 479 692 543 ii
721 481 776 563 qui
804 481 843 544 ad
871 483 1066 565 supplicium

59 572 171 634 essent
193 567 276 652 dati,
303 566 469 650 displicuit
490 566 652 651 pluribus,
675 572 709 631 et
730 569 844 651 procul
867 569 908 632 ab
932 591 969 635 eo
993 572 1065 637 loco

55 656 258 738 infoderunt,
281 675 344 737 quo
366 658 436 718 erat
459 658 616 719 mortuus.
639 655 713 720 inde
736 656 898 740 posterius
921 659 970 721 dci
991 657 1065 722 Del-

55 744 149 830 phici
173 763 329 826 responso
352 746 463 806 erutus
486 745 584 825 atque
607 743 719 808 eodem
748 745 820 810 loco
844 745 990 827 sepultus
1013 751 1065 830 eet,

56 833 117 898 ubi
140 831 245 897 ritem
265 835 426 913 posuerat

447 1130 490 1204 V.
518 1131 678 1204 OIMON.

147 1268 272 1354 Cimon,
285 1267 444 1334 Miltiadis
458 1269 554 1353 filius,
562 1267 782 1353 Atheniensis,
795 1270 876 1335 duro
890 1273 1063 1339 admodum
1082 1271 1100 1336 1

57 1358 155 1424 initio
185 1379 263 1422 usus
292 1361 344 1422 est
374 1357 617 1422 adulescentiae.
661 1379 737 1422 nam
765 1380 838 1423 curn
869 1365 962 1443 pater
994 1363 1062 1428 eius

58 1447 154 1511 litem
185 1446 391 1510 aestimatam
421 1446 542 1530 populo
575 1445 698 1510 solvere
729 1468 796 1511 non
826 1449 988 1531 'potuisset
1020 1452 1061 1515 ob

59 1555 345 1687 {wilti-'l
360 1534 538 1686 titt?
549 1534 1062 1706 tttttttttttt

56 1710 166 1776 emitti
183 1713 323 1794 poterat,
340 1710 404 1774 nisi
422 1709 601 1792 pecuniam,
620 1730 684 1791 qua
700 1713 794 1792 pater
808 1710 965 1774 multatus
983 1715 1061 1797 erat,

58 1797 222 1863 solvisset
255 1797 398 1862 habebat
421 1801 529 1861 autem
551 1797 585 1860 in
604 1796 811 1862 matrimonio
831 1819 975 1863 sororem
993 1814 1096 1886 ger-s

60 1906 193 1950 marram
219 1905 322 1969 suam,
350 1886 481 1951 nomine
508 1883 691 1969 Elpinicen,
722 1907 789 1950 non
819 1887 923 1973 magis
952 1909 1061 1954 amore

62 1993 160 2058 quam
177 1993 266 2038 more
278 1974 408 2039 ductus:
430 1995 569 2056 namque
583 1972 838 2040 Atheniensibus
857 1976 936 2041 licet
949 1977 1061 2052 eodem

57 2064 153 2146 patre
183 2064 277 2126 natas
309 2083 426 2127 uxores
458 2062 581 2127 ducere.
625 2062 721 2127 huius
752 2063 894 2150 coniugii
926 2065 1094 2149 cupiduse

57 2148 180 2217 Callias
205 2149 344 2234 quidam,
365 2153 522 2214 nontam
545 2171 719 2235 generosus
743 2173 840 2235 quam
857 2154 1060 2238 pecuniosus,

57 2239 114 2322 qui
142 2257 278 2323 magnas
305 2238 457 2322 pecunias
484 2259 524 2302 ex
549 2238 691 2302 metallis
723 2238 857 2322 fecerat,
890 2241 957 2325 egit
987 2263 1060 2305 oum

57 2325 195 2392 Cimone
217 2329 256 2390 ut
278 2346 350 2390 eam
372 2326 436 2390 sibi
458 2347 591 2391 uxorem
613 2326 718 2390 daret:
740 2327 774 2391 id
798 2327 826 2389 si
844 2327 1060 2412 impetrasset,

59 2435 92 2479 se
115 2435 176 2500 pro
199 2413 258 2479 illo
279 2414 449 2499 pecuniam
476 2414 668 2478 soluturum.
712 2414 741 2477 is
765 2435 838 2478 cum
865 2413 965 2477 talem
987 2431 1094 2479 con-4

61 2501 219 2568 dicionem
242 2506 481 2586 aspernaretur,
509 2501 658 2585 Elpinice
679 2501 812 2587 negavit
834 2523 868 2565 se
891 2523 1059 2586 passuram

60 2587 219 2677 Miltiadis
241 2591 429 2675 progeniem
451 2589 486 2654 in
508 2589 622 2654 vinclis
644 2589 783 2672 publicis
809 2590 955 2676 interire,
983 2613 1059 2676 quo-

60 2677 149 2743 uiam
169 2677 340 2763 prohibere
362 2682 483 2764 posset,
505 2699 602 2760 seque
621 2675 742 2743 Calliae
764 2682 948 2763 nupturam,
971 2681 999 2744 si
1022 2702 1060 2745 ea

61 2786 144 2850 quae
187 2765 372 2832 alliceretur
394 2766 620 2850 praestitisset.

174 2854 219 2918 ali
241 2855 337 2919 modo
360 2854 506 2920 custodia
528 2854 685 2918 liberatus
708 2853 826 2919 Cimon
849 2854 996 2919 celeriter
1018 2856 1058 2919 ad
1076 2856 1098 2920 2

56 2941 277 3027 principatum
294 2944 449 3026 pervenit.
484 2942 627 3006 habebat
645 2943 730 3006 enim
749 2943 828 3007 satis
848 2942 1059 3026 eloquentiae,

57 3052 220 3096 summam
238 3030 477 3114 liberalitatem,
496 3051 646 3116 magnam
663 3031 868 3113 prudentiam
887 3052 961 3095 cum
978 3030 1058 3094 iuris

57 3119 163 3185 civilis
186 3123 259 3184 tum
281 3118 329 3182 rei
350 3119 517 3202 militaris,
541 3119 627 3202 quod
649 3139 722 3182 cum
744 3122 837 3202 patre
860 3140 880 3182 a
901 3139 1001 3201 puero
1024 3118 1059 3181 in

56 3206 255 3274 exercitibus
286 3205 392 3270 fuerat
418 3211 574 3271 versatus.
618 3207 728 3289 itaque
757 3206 810 3270 hio
839 3210 873 3269 et
902 3204 1058 3288 populum

56 3296 231 3361 urbanum
246 3295 281 3358 in
308 3315 367 3358 sua
393 3294 498 3358 tenuit
524 3297 687 3378 potestate
714 3297 748 3358 et
774 3294 859 3376 apud
882 3293 1058 3358 exercitum

56 3384 236 3469 plurimum
257 3382 360 3447 valuit
383 3382 583 3447 auctoritate.
619 3383 761 3466 primum
778 3383 955 3465 imperator
973 3382 1058 3465 apud
1076 3398 1091 3445 2

56 3471 180 3537 flumen
208 3467 381 3555 Strymona
410 3490 543 3554 magnes
575 3471 683 3554 copias
711 3469 892 3535 Thraecum
923 3466 1057 3555 tigerit,

864 3571 900 3626 ᾗ*
