2528 4042
363 186 435 243 XVI.
454 186 661 242 PELOPIDAS.
691 193 768 244 1-3.
1026 189 1069 253 63

63 332 149 418 quod
173 332 333 415 susceptis
352 331 533 396 inimicitiis
552 332 655 397 satius
674 333 834 398 ducebant
853 356 908 399 eos
928 335 1069 399 obsideri

62 442 161 505 quam
183 420 324 485 liberari.
358 442 435 484 nam
452 425 529 504 post
542 420 814 506 Peloponnesium
832 423 955 487 bellum
968 424 1069 488 Athe-

59 531 184 593 nasque
213 509 357 573 devictas
385 531 457 574 cum
484 508 647 574 Thebanis
675 510 738 575 sibi
766 532 835 574 rem
862 533 932 574 esse
960 512 1069 576 existi-

59 599 197 663 mabant
229 601 263 661 et
290 618 344 661 eos
377 619 446 662 esse
480 598 581 682 solos,
613 599 669 682 qui
701 599 854 664 adversus
887 621 921 662 se
953 601 1067 664 sistere

59 687 227 753 auderent.
271 685 333 750 hac
355 690 462 750 mente
486 687 599 751 amieis
623 687 690 751 suis
714 709 856 752 summas
886 690 1066 770 potestates
1086 707 1103 755 4

58 775 216 841 dederant
239 773 436 857 alteriusque
459 774 611 839 factionis
634 775 796 859 principes
820 776 941 860 partim
970 776 1068 840 inter·

58 864 219 948 fecerant,
243 863 324 926 ahos
351 863 386 926 in
413 862 545 926 exilium
573 863 746 927 eiecerant:
779 864 953 947 inquibus
977 863 1068 928 Pelo-

59 952 155 1038 pidas
173 950 236 1035 hie,
259 950 297 1015 de
317 973 380 1034 quo
400 951 541 1015 scribere
560 952 666 1015 exorsi
685 975 805 1037 sumus,
829 953 941 1035 pulsus
960 952 1068 1036 patria

62 1040 202 1106 carebat.

149 1126 194 1192 Hi
218 1149 329 1191 omnes
352 1127 420 1191 fere
442 1125 589 1191 Athenas
613 1149 647 1192 se
671 1129 891 1212 contulerant,
913 1151 980 1194 non
1002 1150 1066 1212 quo
1086 1137 1108 1202 2

59 1218 273 1301 sequerentur
300 1215 417 1300 otium,
446 1215 501 1279 sed
528 1219 579 1300 ut,
607 1236 703 1298 quem
727 1238 766 1280 ex
787 1217 936 1301 proximo
958 1217 1066 1282 locum

57 1306 130 1370 fors
149 1304 332 1388 obtulisset,
355 1325 393 1368 eo
416 1304 558 1387 patriam
576 1325 765 1388 recuperare
783 1305 973 1370 niterentur.
1007 1306 1067 1369 ita·
1086 1331 1101 1379 ι

61 1414 126 1477 que
142 1413 213 1457 curn
228 1397 356 1493 tempus
371 1398 457 1456 esset
470 1392 577 1457 visum
594 1392 642 1456 rei
660 1393 827 1478 gerendae,
851 1394 1066 1458 communiter

63 1502 139 1546 cum
154 1480 208 1583 iis,
230 1481 287 1564 qui
305 1478 425 1545 Thebis
448 1480 535 1544 idem
552 1481 746 1565 sentiebant,
769 1483 854 1546 diem
877 1482 1066 1568 delegerunt

64 1569 127 1634 ad
116 1569 264 1633 mimicos
279 1569 507 1670 opprimendos
522 1569 751 1652 civitatemque
765 1570 966 1634 liberandam
982 1592 1065 1654 eum,

61 1680 125 1742 quo
163 1657 295 1721 maximi
332 1657 544 1743 magistratus
576 1658 673 1721 simul
706 1661 900 1722 consuerant
931 1657 1064 1741 epulari.

58 1767 198 1832 magnae
221 1767 316 1828 saepe
340 1766 391 1808 res
414 1767 480 1809 non
502 1745 550 1808 ita
572 1745 698 1830 magnis
723 1745 824 1828 copiis
848 1748 924 1808 sunt
944 1749 1065 1830 gestae,
1083 1775 1099 1823 3

59 1835 116 1900 sed
147 1833 294 1918 profecto
326 1854 503 1916 numquam
535 1837 603 1896 tarn
633 1834 674 1897 ab
706 1832 837 1897 tenui
827 1833 874 1897 mi
875 1833 922 1896 tio
954 1837 1064 1897 tantae

58 1943 138 2008 opes
171 1927 248 1987 sunt
278 1922 479 2007 profligatae.
523 1943 600 1985 nam
631 1921 799 1986 duodecim
831 1922 1064 1986 adulescentuli

59 2012 208 2077 coierunt
231 2009 342 2095 exiis,
366 2011 422 2094 qui
444 2009 541 2074 exilio
565 2015 658 2074 erant
676 2010 817 2095 multati,
840 2032 914 2075 cum
933 2011 1063 2076 omnino

57 2121 125 2166 non
158 2103 266 2164 essent
297 2099 436 2250 amplius
469 2102 612 2183 centum,
644 2099 784 2182 quitan
802 2121 883 2164 ose
912 2099 1064 2164 offerrent

58 2188 212 2274 periculo
248 2208 313 2271 qua
325 2187 656 2271 paue1ateperculsa
670 2192 721 2252 est
734 2186 1064 2252 Lacedaemoniorum
1176 2190 1180 2200 '

58 2275 216 2362 potentia
260 2276 285 2339 ii
312 2276 399 2340 enim
424 2297 491 2340 non
520 2276 624 2362 magis
648 2276 906 2339 adversariorum
929 2275 1099 2352 factioni4

59 2387 159 2450 quam
187 2361 356 2447 Spartanis
384 2386 422 2428 eo
450 2368 596 2447 tempore
627 2363 763 2427 bellum
780 2363 815 2426 in
816 2363 975 2463 tulenmt,
1007 2364 1063 2446 qui

58 2453 221 2538 principes
245 2457 338 2517 erant
360 2452 462 2517 totius
487 2450 654 2516 Graeciae:
682 2472 820 2534 quorum
847 2450 975 2534 imperii
998 2473 1063 2514 ma·

58 2544 170 2625 iestas,
192 2563 295 2624 neque
318 2542 367 2605 ita
389 2540 494 2604 multo
516 2543 602 2624 post,
625 2538 795 2603 Leuctrica
813 2559 923 2624 pugna
941 2540 982 2603 ab
1001 2539 1063 2604 hoc

57 2631 155 2696 initio
177 2630 326 2712 perculsa
348 2628 497 2694 concidit.
530 2628 579 2692 illi
600 2627 703 2714 igitur
725 2626 902 2712 duodecim,
926 2649 1063 2712 quorum
1082 2658 1098 2707 ⁶

59 2721 124 2783 dux
147 2722 218 2782 erat
235 2717 416 2802 Pelopidas,
440 2718 541 2798 [eum]
560 2715 700 2780 Athenis
718 2715 860 2780 interdiu
884 2717 1063 2801 [exissent],

60 2811 99 2871 ut
120 2811 363 2890 vesperascente
382 2806 471 2871 caelo
486 2803 614 2869 'lhebas
637 2809 772 2888 possent
793 2806 970 2890 pervenire,
990 2828 1064 2870 eum

61 2895 194 2960 cambus
204 2895 360 2959 venaticis
370 2895 527 2977 exrenmt
540 2893 623 2958 retia
636 2893 741 2958 ferent
727 2898 787 2979 t,es
800 2894 1064 2979 vestituagresti,

58 3005 124 3068 quo
153 2984 276 3047 minore
304 2983 486 3067 suspicione
513 2945 657 3047 iacerent
683 2983 755 3046 iter.
801 2982 857 3066 qui
885 3003 958 3046 eum
985 2985 1064 3044 tem·

57 3093 137 3174 pore
160 3072 242 3156 ipso,
264 3093 328 3154 quo
353 3071 553 3154 studuerant,
574 3070 805 3153 pervenissent,
828 3071 960 3133 domum
983 3067 1064 3134 (lha-

57 3161 148 3226 ronis
171 3161 282 3224 devert
284 3163 387 3242 erunt,
411 3182 430 3222 a
448 3181 512 3243 quo
531 3163 565 3223 et
583 3162 712 3241 tempus
731 3163 765 3222 et
783 3157 850 3220 dies
869 3162 940 3221 erat
958 3158 1014 3220 dat
1000 3161 1062 3221 t.us

147 3247 220 3313 Hoc
243 3248 315 3313 loco
338 3247 421 3311 libet
443 3247 657 3331 interponere,
681 3245 744 3310 etsi
768 3245 950 3309 seiunctum
968 3245 1009 3308 ab
1028 3266 1062 3308 re
1081 3261 1101 3325 3

56 3337 228 3424 proposita
251 3340 309 3420 est,
331 3335 433 3400 nimia
455 3334 572 3400 fiducia
597 3338 736 3419 quantae
760 3333 940 3397 calamitati
959 3333 1062 3396 soleat

56 3447 138 3493 esse.
171 3447 248 3489 nam
266 3425 519 3511 magistratuum
531 3423 759 3487 Thebanorum
778 3421 891 3485 stat1m
910 3420 951 3485 ad
969 3443 1062 3485 aures

55 3514 206 3600 pervenit
229 3513 371 3579 exules
361 3535 396 3576 m
418 3511 532 3577 urbem
550 3511 684 3576 venisse.
720 3508 754 3573 id
776 3508 826 3572 illi
848 3510 923 3574 vino
947 3510 1063 3594 epulis
