2528 4042
143 214 186 279 28
449 211 508 268 VII.
528 211 753 268 ALCIBIADES.
782 218 805 268 7.
825 219 849 268 8.

79 357 80 361 ’
143 359 275 444 publica
297 357 385 423 domi
407 357 547 441 bellique
570 357 700 440 tradita,
722 361 760 422 ut
780 356 876 422 unius
899 356 1034 421 arbitrio
1058 376 1146 442 gere

144 451 247 529 retur,
269 450 303 510 et
324 445 394 530 ipse
416 444 616 529 postdlasset
637 449 675 509 ιι1
697 445 760 509 duo
784 444 847 510 sibi
869 445 1012 530 collegae
1035 444 1147 510 daren-

144 539 212 618 tur,
242 532 465 617 Thrasybulus
497 538 532 596 et
557 531 765 617 Adimantus,
795 554 900 617 neque
931 533 964 596 id
990 537 1146 617 negatum

145 626 243 707 esset,
271 623 374 687 classe
401 623 436 686 in
457 619 571 686 Asiam
597 619 775 706 profectus,
802 621 889 705 quod
915 620 1000 704 apud
1023 619 1146 705 Cymen

144 711 250 775 minus
274 733 313 775 ex
336 709 496 775 sententia
518 730 587 773 rem
609 712 763 793 gesserat,
784 709 820 773 in
840 709 995 773 invidiam
1017 708 1147 774 recidit:

106 799 225 864 anihil
249 799 334 863 enim
357 818 430 862 eum
451 817 518 862 non
540 796 667 861 efficere
689 817 784 879 posse
807 796 977 862 ducebant.
1019 818 1059 871 ex
1082 819 1149 881 quo

143 888 244 952 fiebat
270 891 308 950 ut
335 885 444 950 omnia
470 884 577 948 minus
600 905 752 968 prospere
776 889 869 970 gesta
892 884 1004 968 culpae
1027 885 1147 951 tribue-

15 987 22 1001 '
144 979 230 1058 rent,
260 995 333 1038 cum
360 977 513 1037 autenm
534 972 744 1057 neglegenter
766 976 823 1037 aut
845 972 1008 1038 malitiose
1027 973 1147 1039 'fecisse

143 1025 362 1145 loquerentur,
385 1060 470 1125 siout
489 1064 561 1125 tum
579 1059 709 1125 accidit·
731 1083 808 1126 nam
826 1065 1014 1144 corruptum
1033 1083 1053 1126 a
1070 1084 1149 1149 rege

108 1167 125 1215 a
145 1171 258 1232 capere
272 1148 396 1233 Cymen
408 1148 550 1214 noluisse
565 1149 757 1250 arguebant
784 1149 916 1251 ..1111111
917 1148 993 1215 huic
1007 1151 1149 1216 maxims

144 1241 204 1321 put
206 1259 297 1302 amus
321 1237 406 1303 malo
429 1236 530 1302 fuisse
551 1237 687 1301 nimiam
705 1237 889 1338 opinionem
907 1237 1030 1322 ingemi
1049 1242 1149 1323 atque

144 1325 290 1390 virtutis:
314 1325 490 1390 timebatur
512 1325 597 1390 enim
616 1347 683 1390 non
699 1325 805 1390 minus
825 1347 922 1409 quam
940 1325 1150 1413 diligebatur,

144 1435 185 1478 ns
208 1414 347 1479 secunda
369 1412 503 1478 fortuna
524 1413 715 1498 magnisque
738 1413 854 1497 opibus
877 1414 982 1479 elatus
1004 1416 1147 1500 tyranni-

144 1502 218 1566 dem
246 1502 494 1603 eonoupisceret.
540 1501 657 1585 quibus
684 1502 780 1566 rebus
810 1501 877 1567 fact
862 1505 933 1567 tum
960 1506 1070 1568 estut
1092 1505 1148 1569 ab

145 1590 231 1655 senti
253 1590 484 1676 magistratum
506 1589 702 1674 abrogarent
724 1593 758 1654 et
780 1590 907 1654 alium
898 1611 933 1654 ιιι
951 1591 1018 1656 eius
1035 1591 1145 1656 locum

109 1693 127 1742 1
146 1678 390 1744 substituerent
419 1678 452 1742 id
470 1677 525 1742 ille
543 1681 582 1742 ut
600 1678 732 1761 audivit,
754 1678 886 1743 domum
905 1677 1021 1765 reverti
1036 1678 1144 1743 noluit

145 1769 179 1830 et
197 1788 231 1831 se
249 1766 393 1851 Pactyen
412 1766 551 1831 contulit
573 1766 682 1849 ibique
705 1766 770 1830 tria
793 1766 927 1831 castella
946 1765 1145 1850 communiit,

146 1852 265 1938 Ornos,
287 1853 481 1937 Bizanthen,
502 1852 720 1937 Neontiohos,
742 1875 903 1938 manuque
926 1855 1062 1920 collecta
1082 1855 1146 1938 pri-

145 1964 217 2006 mus
246 1939 387 2006 Graecae
416 1940 557 2005 civitatis
585 1941 619 2003 in
645 1941 835 2006 Thraeciam
861 1943 1002 2026 introiit,
1029 1943 1148 2029 glorio·

146 2030 213 2093 sius
240 2029 428 2093 existimans
455 2029 668 2092 barbarorum
695 2030 815 2112 praeda
836 1993 1027 2115 locupleta'ri
1050 2053 1149 2115 quam

75 2178 79 2190 ,
110 2131 127 2180 c
147 2115 328 2181 Grarorum
365 2137 538 2200 quaerre
557 2121 702 2180 creverat
724 2139 796 2182 cum
818 2118 907 2182 fama
928 2123 999 2184 tum
1022 2119 1149 2205 opibus,

146 2225 362 2290 magnamque
388 2203 566 2268 amicitiam
593 2204 656 2268 sibi
686 2225 759 2270 eum
792 2206 984 2289 quibusdam
1015 2208 1149 2294 regibus

145 2291 319 2358 Thraeciae
341 2295 519 2376 pepererat.

111 2381 131 2446 8
233 2380 389 2465 Nequet
390 2402 484 2445 amen
507 2402 527 2444 a
549 2380 684 2445 caritate
710 2383 835 2465 patriae
862 2383 971 2466 potuit
993 2384 1149 2449 recedere.

144 2491 221 2535 nam
240 2491 314 2534 cum
332 2469 416 2552 apud
433 2469 544 2553 Aegos
566 2469 687 2533 flumen
704 2468 876 2554 Philocles,
898 2475 1030 2554 praetor
1048 2470 1149 2538 Athe-

145 2558 315 2640 niensium,
339 2556 475 2621 classem
498 2556 721 2621 constituisset
744 2580 836 2623 suam
857 2580 960 2642 neque
978 2559 1084 2646 longe
1095 2562 1151 2626 ab·

146 2648 233 2708 esset
255 2642 433 2728 Lysander,
455 2647 585 2727 praetor
607 2643 934 2711 Lacedaemoniorum
941 2648 1029 2731 ,qui
1051 2648 1087 2713 in
1110 2670 1150 2714 eo

146 2736 217 2796 erat
246 2735 420 2834 occupatus
449 2735 488 2796 ut
518 2732 639 2797 bellum
670 2755 766 2816 quam
795 2697 976 2799 diutissime
1008 2735 1151 2821 duceret,

147 2819 259 2903 quod
249 2820 330 2903 ipsis
348 2820 485 2904 pecunia
498 2842 517 2884 a
532 2841 608 2907 rege
627 2822 777 2905 suppedit
778 2821 903 2906 abatur,
922 2827 1037 2888 contra
1048 2823 1150 2890 Athe·

144 2908 311 2973 niensibus
339 2908 503 2973 exhaustis
530 2914 658 2992 praeter
685 2931 775 2973 arma
797 2913 831 2972 et
851 2931 950 2975 nares
972 2911 1055 2976 nihil
1078 2917 1149 2978 erat

110 3010 255 3081 asaper,
286 2995 471 3061 Alcibiades
504 2998 544 3061 ad
576 2997 752 3062 exercitum
783 2997 872 3062 venit
899 2997 1148 3066 Atheniensium

145 3085 254 3168 ibique
286 3089 455 3168 praesente
486 3085 585 3171 vulgo
615 3106 709 3170 agere
738 3085 858 3168 coepit:
891 3087 919 3151 11
947 3087 1097 3173 vellent,
1114 3111 1149 3154 11

146 3177 333 3238 coacturum
347 3171 550 3256 Lysandrum
564 3173 715 3237 dimicare
730 3177 787 3238 aut
805 3195 918 3258 pacem
936 3179 1046 3259 petere
1062 3179 1115 3262 [sp
1118 3199 1149 3243 ο·

144 3261 287 3344 pendit];
306 3259 577 3326 Lacedaemonios
592 3282 630 3323 eo
643 3260 730 3324 nolle
745 3262 847 3327 classe
861 3263 1043 3348 confligere,
1062 3266 1149 3349 quod

109 3349 348 3432 apedestribus
377 3349 478 3433 copiis
505 3348 578 3431 plus
607 3369 704 3430 quam
730 3351 869 3415 navibus
895 3351 1054 3437 valerent3
1085 3353 1149 3419 sibi

147 3439 254 3501 autem
274 3458 343 3501 esse
361 3436 456 3501 facile
476 3433 640 3520 Seuthem,
658 3457 768 3522 regem
786 3438 974 3523 Thraecum,
992 3402 1148 3545 addueqrs

144 3527 183 3589 ut
197 3545 270 3589 eum
284 3528 372 3588 terra
389 3523 576 3608 depelleret:
600 3545 664 3608 quo
678 3523 765 3591 facto
779 3528 960 3592 necessario
974 3532 1032 3593 aut
1046 3530 1148 3596 classe
