2528 4042
358 167 456 223 XVIII.
474 167 654 223 EUMENES.
683 175 761 224 6-8.
1018 167 1060 232 75

56 315 210 396 parerent
239 312 372 395 eiusque
402 312 545 378 consiliis
572 315 754 378 uterentur:
788 313 840 378 his
871 314 967 378 rebus
998 311 1096 377 Eub

57 423 168 466 menes
190 405 358 483 permotus
382 401 483 464 satius
506 400 613 484 duxit,
645 401 673 466 si
695 401 743 464 ita
766 401 895 466 tulisset
921 401 1062 485 fortuna,

56 489 163 573 perire
182 489 264 553 bene
283 488 408 553 meritis
424 488 616 553 referentem
631 489 770 575 gratiam
785 511 883 572 quam
895 489 1061 573 ingratum

56 598 176 642 vivere.

145 663 262 746 Itaque
290 665 400 748 copias
429 666 603 748 contraxit,
635 665 758 730 bellum
789 663 941 729 adversus
968 663 1099 729 Anti-7

56 774 182 840 gonum
206 753 413 835 comparavit.
455 753 540 836 quod
562 775 626 817 una
648 757 741 818 erant
763 752 954 818 Macedones
977 773 1061 816 com·

56 841 169 924 plures
196 840 335 923 nobiles,
361 840 396 905 in
419 841 465 905 eis
488 840 672 924 Peucestes,
700 842 756 925 qui
783 841 927 924 corporis
951 844 1061 905 custos

56 929 166 995 fuerat
186 926 375 1013 Alexandri,
405 933 475 993 tum
499 933 608 994 autem
631 930 800 994 obtinebat
822 927 1001 1011 Persidem,
1028 931 1062 992 et

58 1016 250 1102 Antigenes,
272 1016 363 1081 cuius
377 1017 437 1080 sub
453 1017 589 1099 imperio
603 1017 744 1100 phalanx
757 1021 828 1082 erat
840 1016 1062 1099 Macedonum,

57 1103 213 1168 invidiam
236 1125 349 1168 verens
369 1101 479 1188 (quam
503 1109 613 1169 tamen
635 1104 774 1189 effugere
792 1127 860 1170 non
876 1101 1009 1189 potuit),
1032 1103 1060 1169 si

56 1191 202 1277 potius
192 1213 262 1275 ipse
286 1191 467 1277 alienigena
489 1193 606 1256 summi
629 1192 757 1276 imperii
778 1193 940 1277 potiretur
963 1213 1061 1275 quam

55 1279 196 1380 aliquis,
206 1278 426 1363 Macedonum,
458 1301 595 1362 quorum
625 1280 672 1345 ibi
704 1284 776 1345 erat
807 1279 995 1363 multitudo,
1026 1280 1096 1344 ina

57 1366 228 1452 principiis
251 1331 426 1432 Alexandri
452 1368 583 1433 nomine
611 1369 856 1434 tabernaculum
883 1372 951 1433 stat
936 1368 1037 1433 tuit
1027 1390 1063 1432 ιιι

59 1476 161 1539 eoque
185 1456 299 1520 sellam
322 1477 451 1520 auream
474 1477 548 1521 oum
566 1461 694 1541 sceptro
713 1479 750 1522 ac
768 1457 948 1522 diademate
965 1456 1063 1521 iussit

61 1543 139 1628 poni
161 1564 264 1626 eoque
287 1565 397 1609 omnes
421 1544 555 1610 cottidie
578 1545 761 1629 convenire,
787 1549 825 1610 ut
846 1545 894 1609 ibi
915 1543 955 1609 de
978 1565 1062 1609 surn-

58 1630 122 1696 mis
144 1632 242 1695 rebus
265 1632 402 1696 consilia
424 1636 627 1717 caperentur,
654 1632 785 1698 credens
812 1632 936 1696 minore
960 1653 993 1695 se
1015 1631 1062 1694 in·

56 1719 147 1784 vidia
173 1718 256 1803 iore,
286 1720 314 1783 si
342 1719 447 1803 speeie
474 1720 602 1803 imperii
628 1720 832 1804 nominisque
855 1719 1061 1784 simulatione

55 1806 237 1872 Alexandri
254 1807 377 1872 bellum
394 1807 556 1872 videretur
574 1807 808 1873 administrare.
843 1807 928 1892 quod
947 1805 1061 1872 effecit.

54 1915 137 1960 narn
156 1915 228 1958 cum
245 1917 313 1961 non
329 1895 370 1960 ad
383 1895 538 1960 Eumenis
556 1896 725 1980 principia,
747 1896 804 1962 sed
822 1895 863 1960 ad
880 1895 971 1982 regia
989 1916 1061 1960 con·
1079 1911 1096 1960 3

55 1982 224 2048 veniretur
251 1988 348 2066 atque
375 1983 422 2047 ibi
449 1983 488 2048 de
517 1983 613 2048 rebus
646 1984 890 2068 deliberaretur,
921 1984 1061 2067 quodam

57 2070 157 2171 modo
180 2071 318 2155 latebat,
348 2093 422 2137 cum
443 2075 554 2136 tamen
575 2094 633 2157 per
655 2094 729 2138 eum
750 2094 850 2138 unum
873 2076 1062 2158 gererentur

57 2179 178 2223 omma.

148 2245 211 2311 Hic
237 2247 278 2334 in¹
298 2245 483 2313 Paraetacis
511 2270 584 2313 cum
611 2248 778 2334 Antigono
806 2247 964 2331 conflixit,
995 2248 1100 2312 non8

58 2334 130 2400 acie
153 2335 322 2419 instructa,
345 2336 401 2400 sed
423 2335 458 2398 in
479 2335 604 2419 itinere,
627 2357 763 2419 eumque
786 2334 870 2399 male
893 2337 1061 2416 acceptum

58 2423 95 2486 in
118 2420 259 2487 Mediam
281 2423 460 2488 hiematum
483 2424 591 2508 co'e‘git
617 2424 730 2488 redire.
774 2422 902 2506 ipsein
922 2421 1062 2486 finitima

57 2510 987 2685 tt‘ttlttinttttttttutbstaad
1004 2532 1097 2664 na

58 2649 202 2771 phalanx
219 2685 395 2753 Alexandri
417 2687 540 2772 Magni,
564 2708 644 2771 quae
662 2685 777 2752 Asiam
798 2691 989 2772 peragrarat
1012 2687 1063 2752 de·

59 2774 246 2858 viceratque
267 2774 397 2859 Persas,
426 2776 606 2840 inveterata
634 2797 706 2840 curn
733 2775 839 2861 gloria
865 2780 936 2840 tum
963 2775 1063 2840 etiam

60 2861 206 2946 licentia,
232 2884 298 2927 non
320 2885 432 2946 parere
455 2885 490 2928 se
512 2864 661 2948 ducibus,
689 2864 745 2929 sed
771 2864 930 2947 imperare
952 2866 1063 2946 postu-

59 2949 165 3034 labat,
192 2955 229 3014 ut
256 2973 341 3015 nunc
367 2950 511 3016 veterani
537 2951 662 3016 faciunt
689 2952 803 3016 nostri.
848 2952 960 3038 itaque¹
981 2949 1063 3032 peri·

59 3040 170 3104 culum
198 3042 249 3104 est
275 3060 315 3104 ne
342 3038 464 3104 faciant
494 3041 580 3141 quod
607 3039 656 3104 illi
678 3039 837 3122 fecenmt,
810 3044 924 3103 tsua
949 3038 1063 3102 intem-

59 3127 210 3210 perantia
240 3126 404 3209 nimiaque
434 3127 544 3192 licent
520 3132 568 3192 tra
595 3131 633 3193 ut
661 3128 769 3192 omnia
796 3126 933 3210 perdant
959 3146 1063 3208 neque

60 3216 169 3285 minus
194 3236 258 3297 eos,
282 3234 355 3278 oum
378 3214 495 3314 quibus
518 3215 654 3282 fecerint
639 3219 783 3300 t,quam
806 3213 957 3279 adversus
981 3232 1062 3295 quos

61 3306 128 3368 stet
130 3303 225 3367 erint
256 3301 371 3385 quodsi
390 3301 463 3385 quis
480 3302 612 3370 illorum
624 3307 852 3368 veteranorum
864 3301 954 3401 legat
967 3299 1063 3384 facta,
1081 3315 1099 3364 a

55 3391 152 3472 paria
173 3391 290 3456 horum
314 3393 490 3475 cognoscat
511 3412 615 3475 neque
638 3413 707 3456 rem
728 3390 830 3454 ullam
851 3388 916 3453 nisi
934 3391 1062 3471 tempus

55 3479 217 3545 interesse
240 3479 369 3544 iudicet.
414 3477 471 3542 sed
493 3478 534 3543 ad
555 3479 630 3544 illos
653 3482 804 3543 revertar.
826 3476 963 3541 hiberna
981 3497 1065 3541 sum·
