2528 4042
163 158 226 223 106
464 154 549 211 XXV.
568 154 730 213 ATTIGUS.
758 161 800 211 ιο.
821 162 862 211 11.

161 306 216 367 aut
238 297 410 385 periculo),
438 299 645 385 habebatque
668 322 778 366 secum
802 301 839 377 Q.
863 300 1004 366 Gellium
1028 299 1162 386 (lanum,

124 408 140 457 a
160 390 326 473 aequalem
349 388 613 472 simillimumque
637 389 696 453 sui.
739 389 803 454 hoc
827 410 953 473 quoque
975 389 1083 454 Attici
1108 391 1163 454 bo·

159 477 274 542 nitatis
293 477 483 560 exemplum,
503 477 588 559 quod
607 498 680 541 cum
698 498 746 562 eo,
765 499 862 560 quem
878 499 1014 561 puerum
1031 479 1067 542 in
1085 478 1162 543 ludo

160 569 326 651 cognorat,
349 565 427 629 adeo
451 565 621 629 coniuncte
643 564 734 649 vixit,
756 570 795 630 ut
818 565 859 629 ed
881 571 1058 630 extremam
1077 570 1163 630 aeta

124 658 227 719 stem
255 653 399 718 amicitia
426 674 537 717 eorum
565 653 710 716 creverit.
755 651 919 718 Antonius
947 658 1070 738 autem,
1101 655 1164 719 etsi

160 746 253 807 tanto
277 742 350 806 odio
373 740 538 805 ferebatur
560 739 594 803 in
617 738 818 825 Ciceronem,
847 746 973 807 utnon
996 742 1104 807 solum
1127 743 1164 828 ei,

160 833 216 896 sed
239 831 339 896 etiam
362 828 511 893 omnibus
535 827 604 892 eius
627 828 739 892 amicis
763 833 850 893 esset
872 830 1023 895 inimicus
1044 851 1164 914 eosque

159 919 257 984 vellet
288 917 488 1001 proscribere
518 916 631 980 multis
662 917 886 1002 hortantibus,
918 922 1029 983 tamen
1059 918 1163 984 Attici

160 1028 283 1072 memor
300 1005 364 1069 fuit
383 1003 482 1069 officii
496 1009 530 1068 et
548 1004 586 1088 ei,
610 1027 683 1069 cum
701 1005 900 1091 requisisset,
921 1007 1056 1072 ubinam
1070 1011 1165 1092 esset,

160 1117 218 1160 sua
236 1115 334 1158 manu
352 1093 493 1177 scripsit,
510 1115 550 1157 ne
570 1092 700 1157 timeret
719 1095 896 1177 statimque
914 1095 955 1159 ad
973 1116 1009 1159 se
1022 1095 1164 1161 veniret:

160 1205 193 1247 se
215 1204 289 1246 eum
307 1185 341 1246 et
359 1182 428 1246 eius
447 1203 544 1246 causa
558 1180 682 1247 Canum
701 1181 740 1245 de
757 1183 1015 1265 proscriptorum
1029 1205 1163 1248 numero

159 1271 324 1335 exemisse.
356 1291 394 1334 ac
411 1291 451 1334 ne
471 1269 556 1352 quod
573 1269 753 1352 periculum
772 1271 937 1355 incideret,
961 1272 1048 1354 quod
1064 1275 1162 1336 noctu

125 1359 273 1440 efiebat,
305 1357 502 1440 praesidium
529 1356 559 1419 ei
586 1356 685 1419 misit.
731 1357 778 1420 sic
805 1357 938 1423 Atticus
970 1359 1004 1423 in
1036 1381 1164 1424 summo

158 1449 276 1510 timore
302 1467 368 1509 non
396 1445 501 1508 solum
529 1443 605 1527 sibi,
636 1443 691 1506 sed
719 1444 819 1508 ctiam
847 1447 890 1530 ei,
918 1467 1013 1529 quem
1037 1447 1167 1512 carissi·

159 1557 248 1599 mum
270 1533 421 1616 habebat,
443 1531 604 1615 praesidio
626 1529 691 1595 fuit
715 1533 830 1614 [neque
854 1533 940 1597 enim
959 1555 1036 1597 suae
1056 1535 1168 1600 solum

160 1647 180 1688 a
211 1643 374 1707 quoquam
405 1620 561 1685 auxilium
592 1619 689 1703 petiit
720 1620 854 1705 salutis,
886 1620 942 1685 sed
974 1620 1169 1707 coniuncti],

160 1717 197 1777 ut
226 1712 395 1796 appareret
420 1710 544 1774 nullam
572 1708 752 1774 seiunctam
782 1709 846 1773 sibi
869 1709 909 1773 ab
934 1729 971 1773 eo
993 1708 1077 1774 velle
1101 1710 1168 1776 for·

125 1807 283 1868 sturiam
328 1798 443 1883 quodsi
470 1798 669 1883 gubernator
696 1796 870 1881 praecipua
899 1797 993 1863 laude
1023 1797 1168 1885 effertur,

161 1890 216 1973 qui
242 1908 358 1952 navem
385 1908 425 1951 ex
450 1885 555 1950 hieme
583 1885 728 1968 marique
756 1886 927 1968 scopuloso
956 1889 1077 1971 servat,
1110 1909 1168 1953 cur

159 1997 225 2040 non
248 1974 421 2059 singularis
445 1973 514 2038 eius
537 1973 741 2036 existimetur
761 1973 948 2058 prudentia,
971 1974 1091 2057 quiex
1115 1979 1167 2041 tot

160 2068 292 2144 temque
314 2061 467 2145 gravibus
490 2060 642 2143 procellis
666 2059 815 2125 civilibus
839 2061 880 2125 ad
904 2062 1167 2128 incolumitatem

183 2149 328 2215 ervenit?

110 2174 180 2306 llp
249 2237 373 2314 Quibus
397 2256 436 2300 ex
458 2235 553 2299 malis
575 2239 614 2301 ut
636 2256 671 2301 se
694 2237 840 2322 emersit,
872 2237 955 2302 nihil
985 2237 1074 2303 aliud
1096 2239 1165 2324 egit

161 2349 258 2413 quam
280 2329 318 2391 ut
344 2344 437 2408 quom
463 2323 629 2409 plurimis,
659 2325 775 2408 quibus
802 2324 899 2390 rebus
926 2329 1052 2412 posset,
1079 2329 1166 2392 esset

161 2415 291 2481 auxilio.
336 2435 409 2479 cum
431 2412 631 2497 proscriptos
658 2413 812 2495 praemiis
840 2414 1076 2497 imperatorum
1098 2415 1167 2479 vul-

161 2525 221 2590 gus
246 2502 464 2586 conquireret,
486 2521 581 2566 nemo
604 2501 640 2564 in
661 2501 799 2584 Epirum
821 2501 925 2586 venit,
948 2503 1000 2567 cui
1022 2523 1075 2567 res
1098 2503 1168 2567 ulla

162 2591 312 2656 defuerit:
343 2589 465 2654 nemini
491 2610 558 2653 non
583 2588 630 2653 ibi
655 2593 813 2674 perpetuo
841 2590 990 2654 manendi
1017 2594 1168 2674 potestas

126 2679 249 2744 efacta
276 2681 339 2761 est3
372 2678 450 2761 quin
477 2677 577 2742 etiam
603 2681 680 2761 post
706 2678 865 2760 proelium
887 2676 1097 2762 Philippense
1121 2680 1169 2744 in·

161 2767 358 2849 teritumque
381 2764 416 2831 Ο.
431 2764 537 2830 Cassii
560 2768 593 2829 et
615 2765 659 2829 M.
681 2764 777 2830 Bruti
799 2765 835 2829 L.
853 2764 973 2830 Iulium
998 2765 1169 2832 Mocillam

161 2854 361 2941 praetorium
384 2852 544 2917 etlilium
567 2854 635 2918 eius
653 2853 837 2936 Aulumque
858 2852 1060 2938 Torquatum
1084 2860 1169 2920 cete·

161 2965 278 3028 rosque
309 2941 382 3026 pari
413 2940 545 3006 fortuna
575 2943 741 3025 perculsos
773 2940 919 3006 instituit
950 2943 1035 3008 tueri
1068 2947 1169 3028 atque

162 3053 201 3096 ex
223 3031 324 3114 Epiro
349 3030 389 3095 iis
413 3029 521 3094 omnia,
545 3027 821 3094 Samothraeciam
845 3031 1033 3114 supportari
1060 3031 1169 3097 iussit

127 3136 143 3185 8
162 3119 293 3184 difficile
317 3122 367 3182 est
391 3118 499 3182 omnia
521 3117 672 3202 persequi
690 3121 724 3180 et
741 3138 808 3181 non
825 3119 1054 3183 necessarium
1085 3120 1168 3188 illud

162 3230 262 3273 unum
293 3207 441 3292 intellegi
473 3207 639 3289 volumus,
675 3205 764 3270 illius
801 3205 1032 3271 liberalitatem
1063 3229 1169 3292 neque

126 3296 393 3380 stemporariem
415 3315 518 3378 neque
542 3293 692 3359 collidam
715 3292 825 3360 fuisse.
861 3295 895 3359 id
913 3316 952 3359 ex
969 3294 1051 3377 ipsis
1070 3297 1170 3362 rebus

162 3404 199 3448 ao
227 3382 428 3467 temporibus
457 3382 593 3447 iudicari
620 3385 744 3467 potest,
772 3382 857 3465 quod
883 3404 950 3447 non
976 3383 1170 3450 florentibus

163 3490 196 3533 se
210 3471 398 3555 venditavit,
414 3471 469 3535 sed
484 3469 614 3536 afflictis
629 3491 757 3554 semper
770 3470 943 3536 succurrit:
967 3470 1023 3555 qui
1038 3472 1171 3557 quidem
