<?xml version="1.0" encoding="UTF-8"?>
<!DOCTYPE html PUBLIC "-//W3C//DTD XHTML 1.0 Transitional//EN"
    "http://www.w3.org/TR/xhtml1/DTD/xhtml1-transitional.dtd">
<html xmlns="http://www.w3.org/1999/xhtml" xml:lang="en" lang="en">
 <head>
  <title>
</title>
<meta http-equiv="Content-Type" content="text/html;charset=utf-8" />
  <meta name='ocr-system' content='tesseract 3.04.00' />
  <meta name='ocr-capabilities' content='ocr_page ocr_carea ocr_par ocr_line ocrx_word'/>
</head>
<body>
  <div class='ocr_page' id='page_1' title='image "./corneliinepotis01halmgoog_0077.png"; bbox 0 0 2528 4042; ppageno 0'>
   <div class='ocr_carea' id='block_1_1' title="bbox 148 177 847 243">
    <p class='ocr_par' dir='ltr' id='par_1_1' title="bbox 148 177 847 243">
     <span class='ocr_line' id='line_1_1' title="bbox 148 177 847 243; baseline -0.001 -9"><span class='ocrx_word' id='word_1_1' title='bbox 148 179 190 243; x_wconf 80' lang='grc'>62</span> <span class='ocrx_word' id='word_1_2' title='bbox 436 178 496 234; x_wconf 85' lang='lat' dir='ltr'>XV.</span> <span class='ocrx_word' id='word_1_3' title='bbox 515 177 784 235; x_wconf 84' lang='lat' dir='ltr'>EPAMINONDAS.</span> <span class='ocrx_word' id='word_1_4' title='bbox 813 185 847 233; x_wconf 88' lang='lat'>10</span> 
     </span>
    </p>
   </div>
   <div class='ocr_carea' id='block_1_2' title="bbox 109 322 1152 1731">
    <p class='ocr_par' dir='ltr' id='par_1_2' title="bbox 112 322 1149 1115">
     <span class='ocr_line' id='line_1_2' title="bbox 112 322 1148 408; baseline -0.001 -19"><span class='ocrx_word' id='word_1_5' title='bbox 112 341 128 389; x_wconf 83' lang='lat'><strong>3</strong></span> <span class='ocrx_word' id='word_1_6' title='bbox 148 326 321 408; x_wconf 89' lang='lat' dir='ltr'>superstes,</span> <span class='ocrx_word' id='word_1_7' title='bbox 344 322 401 387; x_wconf 90' lang='lat' dir='ltr'>sed</span> <span class='ocrx_word' id='word_1_8' title='bbox 424 323 523 388; x_wconf 91' lang='lat' dir='ltr'>etiam</span> <span class='ocrx_word' id='word_1_9' title='bbox 545 324 741 389; x_wconf 89' lang='lat' dir='ltr'>immortalis</span> <span class='ocrx_word' id='word_1_10' title='bbox 764 323 808 388; x_wconf 91' lang='lat' dir='ltr'>sit</span> <span class='ocrx_word' id='word_1_11' title='bbox 829 345 958 389; x_wconf 88' lang='lat' dir='ltr'>necesse</span> <span class='ocrx_word' id='word_1_12' title='bbox 982 322 1054 388; x_wconf 92' lang='lat' dir='ltr'>est.&#39;</span> <span class='ocrx_word' id='word_1_13' title='bbox 1090 345 1148 408; x_wconf 92' lang='lat' dir='ltr'>quo</span> 
     </span>
     <span class='ocr_line' id='line_1_3' title="bbox 146 411 1148 496; baseline 0 -20"><span class='ocrx_word' id='word_1_14' title='bbox 146 417 291 496; x_wconf 88' lang='lat' dir='ltr'>tempore</span> <span class='ocrx_word' id='word_1_15' title='bbox 320 412 399 478; x_wconf 91' lang='lat' dir='ltr'>duce</span> <span class='ocrx_word' id='word_1_16' title='bbox 422 412 579 495; x_wconf 85' lang='lat' dir='ltr'>Pelopida</span> <span class='ocrx_word' id='word_1_17' title='bbox 606 413 714 477; x_wconf 83' lang='lat' dir='ltr'><strong>exules</strong></span> <span class='ocrx_word' id='word_1_18' title='bbox 737 411 865 477; x_wconf 84' lang='lat' dir='ltr'>Thebas</span> <span class='ocrx_word' id='word_1_19' title='bbox 893 416 1093 496; x_wconf 87' lang='lat' dir='ltr'>occuparunt</span> <span class='ocrx_word' id='word_1_20' title='bbox 1120 416 1148 476; x_wconf 92' lang='lat' dir='ltr'>et</span> 
     </span>
     <span class='ocr_line' id='line_1_4' title="bbox 145 500 1148 586; baseline 0.001 -22"><span class='ocrx_word' id='word_1_21' title='bbox 145 500 340 584; x_wconf 81' lang='lat' dir='ltr'><strong>praesidium</strong></span> <span class='ocrx_word' id='word_1_22' title='bbox 356 500 684 566; x_wconf 82' lang='lat' dir='ltr'>Lacedaemoniorum</span> <span class='ocrx_word' id='word_1_23' title='bbox 699 523 738 565; x_wconf 84' lang='lat' dir='ltr'>ex</span> <span class='ocrx_word' id='word_1_24' title='bbox 759 523 831 566; x_wconf 88' lang='lat' dir='ltr'>arce</span> <span class='ocrx_word' id='word_1_25' title='bbox 850 501 1050 586; x_wconf 76' lang='lat' dir='ltr'>expulerimt,</span> <span class='ocrx_word' id='word_1_26' title='bbox 1069 500 1148 585; x_wconf 83' lang='lat' dir='ltr'>Epa·</span> 
     </span>
     <span class='ocr_line' id='line_1_5' title="bbox 146 588 1148 674; baseline 0 -20"><span class='ocrx_word' id='word_1_27' title='bbox 146 590 325 674; x_wconf 91' lang='lat' dir='ltr'>minondas,</span> <span class='ocrx_word' id='word_1_28' title='bbox 349 590 502 674; x_wconf 88' lang='lat' dir='ltr'>quamdiu</span> <span class='ocrx_word' id='word_1_29' title='bbox 524 588 612 653; x_wconf 89' lang='lat' dir='ltr'>facta</span> <span class='ocrx_word' id='word_1_30' title='bbox 635 593 685 652; x_wconf 90' lang='lat' dir='ltr'>est</span> <span class='ocrx_word' id='word_1_31' title='bbox 709 590 821 653; x_wconf 87' lang='lat' dir='ltr'>caedes</span> <span class='ocrx_word' id='word_1_32' title='bbox 845 590 973 673; x_wconf 81' lang='lat' dir='ltr'>civium,</span> <span class='ocrx_word' id='word_1_33' title='bbox 997 589 1096 654; x_wconf 92' lang='lat' dir='ltr'>domo</span> <span class='ocrx_word' id='word_1_34' title='bbox 1119 611 1148 654; x_wconf 88' lang='lat' dir='ltr'>se</span> 
     </span>
     <span class='ocr_line' id='line_1_6' title="bbox 145 675 1148 764; baseline 0.001 -23"><span class='ocrx_word' id='word_1_35' title='bbox 145 679 265 764; x_wconf 92' lang='lat' dir='ltr'>tenuit,</span> <span class='ocrx_word' id='word_1_36' title='bbox 298 677 384 761; x_wconf 93' lang='lat' dir='ltr'>quod</span> <span class='ocrx_word' id='word_1_37' title='bbox 415 697 519 759; x_wconf 88' lang='lat' dir='ltr'>neque</span> <span class='ocrx_word' id='word_1_38' title='bbox 551 675 720 740; x_wconf 86' lang='lat' dir='ltr'>defendere</span> <span class='ocrx_word' id='word_1_39' title='bbox 752 678 857 741; x_wconf 91' lang='lat' dir='ltr'>malos</span> <span class='ocrx_word' id='word_1_40' title='bbox 888 678 1016 743; x_wconf 87' lang='lat' dir='ltr'>volebat</span> <span class='ocrx_word' id='word_1_41' title='bbox 1047 700 1148 762; x_wconf 88' lang='lat' dir='ltr'>neque</span> 
     </span>
     <span class='ocr_line' id='line_1_7' title="bbox 145 767 1149 853; baseline -0.001 -21"><span class='ocrx_word' id='word_1_42' title='bbox 145 768 352 853; x_wconf 83' lang='lat' dir='ltr'>impugnare,</span> <span class='ocrx_word' id='word_1_43' title='bbox 381 786 422 829; x_wconf 91' lang='lat' dir='ltr'>ne</span> <span class='ocrx_word' id='word_1_44' title='bbox 451 786 566 828; x_wconf 87' lang='lat' dir='ltr'>manus</span> <span class='ocrx_word' id='word_1_45' title='bbox 599 786 731 829; x_wconf 90' lang='lat' dir='ltr'>suorum</span> <span class='ocrx_word' id='word_1_46' title='bbox 764 767 921 850; x_wconf 84' lang='lat' dir='ltr'>sanguine</span> <span class='ocrx_word' id='word_1_47' title='bbox 955 771 1149 831; x_wconf 86' lang='lat' dir='ltr'>cruentaret:</span> 
     </span>
     <span class='ocr_line' id='line_1_8' title="bbox 145 852 1149 939; baseline 0.001 -20"><span class='ocrx_word' id='word_1_48' title='bbox 145 877 284 939; x_wconf 90' lang='lat' dir='ltr'>namque</span> <span class='ocrx_word' id='word_1_49' title='bbox 308 874 436 918; x_wconf 89' lang='lat' dir='ltr'>ornnem</span> <span class='ocrx_word' id='word_1_50' title='bbox 459 852 586 917; x_wconf 84' lang='lat' dir='ltr'>civilem</span> <span class='ocrx_word' id='word_1_51' title='bbox 613 853 784 918; x_wconf 84' lang='lat' dir='ltr'>victoriam</span> <span class='ocrx_word' id='word_1_52' title='bbox 811 853 976 918; x_wconf 77' lang='lat' dir='ltr'>funestam</span> <span class='ocrx_word' id='word_1_53' title='bbox 1005 856 1149 938; x_wconf 91' lang='lat' dir='ltr'>putabat.</span> 
     </span>
     <span class='ocr_line' id='line_1_9' title="bbox 145 939 1149 1026; baseline 0.001 -18"><span class='ocrx_word' id='word_1_54' title='bbox 145 944 243 1026; x_wconf 90' lang='lat' dir='ltr'>idem,</span> <span class='ocrx_word' id='word_1_55' title='bbox 269 945 445 1025; x_wconf 72' lang='lat' dir='ltr'>postquam</span> <span class='ocrx_word' id='word_1_56' title='bbox 473 941 558 1024; x_wconf 89' lang='lat' dir='ltr'>apud</span> <span class='ocrx_word' id='word_1_57' title='bbox 586 939 759 1007; x_wconf 76' lang='lat' dir='ltr'>Cadmeam</span> <span class='ocrx_word' id='word_1_58' title='bbox 787 963 860 1006; x_wconf 89' lang='lat' dir='ltr'>cum</span> <span class='ocrx_word' id='word_1_59' title='bbox 888 941 1149 1009; x_wconf 86' lang='lat' dir='ltr'>Lacedaemoniis</span> 
     </span>
     <span class='ocr_line' id='line_1_10' title="bbox 144 1029 858 1115; baseline 0 -21"><span class='ocrx_word' id='word_1_60' title='bbox 144 1029 282 1115; x_wconf 82' lang='lat' dir='ltr'>pugnari</span> <span class='ocrx_word' id='word_1_61' title='bbox 306 1033 457 1112; x_wconf 86' lang='lat' dir='ltr'>coeptum</span> <span class='ocrx_word' id='word_1_62' title='bbox 480 1035 539 1115; x_wconf 88' lang='lat' dir='ltr'>est,</span> <span class='ocrx_word' id='word_1_63' title='bbox 561 1029 596 1094; x_wconf 94' lang='lat' dir='ltr'>in</span> <span class='ocrx_word' id='word_1_64' title='bbox 618 1030 733 1114; x_wconf 89' lang='lat' dir='ltr'>primis</span> <span class='ocrx_word' id='word_1_65' title='bbox 756 1030 858 1095; x_wconf 92' lang='lat' dir='ltr'>stetit.</span> 
     </span>
    </p>

    <p class='ocr_par' dir='ltr' id='par_1_3' title="bbox 109 1116 1152 1731">
     <span class='ocr_line' id='line_1_11' title="bbox 109 1116 1150 1204; baseline 0.003 -22"><span class='ocrx_word' id='word_1_66' title='bbox 109 1134 126 1182; x_wconf 83' lang='lat'>4</span> <span class='ocrx_word' id='word_1_67' title='bbox 231 1116 338 1182; x_wconf 90' lang='lat' dir='ltr'>Huius</span> <span class='ocrx_word' id='word_1_68' title='bbox 361 1117 400 1182; x_wconf 91' lang='lat' dir='ltr'>de</span> <span class='ocrx_word' id='word_1_69' title='bbox 422 1118 600 1182; x_wconf 78' lang='lat' dir='ltr'>virtutibus</span> <span class='ocrx_word' id='word_1_70' title='bbox 623 1119 755 1203; x_wconf 85' lang='lat' dir='ltr'>vitaque</span> <span class='ocrx_word' id='word_1_71' title='bbox 778 1120 859 1184; x_wconf 88' lang='lat' dir='ltr'>satis</span> <span class='ocrx_word' id='word_1_72' title='bbox 882 1119 945 1183; x_wconf 87' lang='lat' dir='ltr'>erit</span> <span class='ocrx_word' id='word_1_73' title='bbox 967 1119 1102 1204; x_wconf 90' lang='lat' dir='ltr'>dictum,</span> <span class='ocrx_word' id='word_1_74' title='bbox 1125 1122 1150 1186; x_wconf 91' lang='lat' dir='ltr'>si</span> 
     </span>
     <span class='ocr_line' id='line_1_12' title="bbox 143 1206 1149 1293; baseline 0.005 -24"><span class='ocrx_word' id='word_1_75' title='bbox 143 1206 205 1271; x_wconf 93' lang='lat' dir='ltr'>hoc</span> <span class='ocrx_word' id='word_1_76' title='bbox 228 1227 329 1270; x_wconf 94' lang='lat' dir='ltr'>unum</span> <span class='ocrx_word' id='word_1_77' title='bbox 353 1206 536 1290; x_wconf 84' lang='lat' dir='ltr'>adiunxero,</span> <span class='ocrx_word' id='word_1_78' title='bbox 560 1206 646 1289; x_wconf 92' lang='lat' dir='ltr'>quod</span> <span class='ocrx_word' id='word_1_79' title='bbox 668 1229 764 1272; x_wconf 91' lang='lat' dir='ltr'>nemo</span> <span class='ocrx_word' id='word_1_80' title='bbox 786 1208 850 1272; x_wconf 92' lang='lat' dir='ltr'>ibit</span> <span class='ocrx_word' id='word_1_81' title='bbox 867 1207 998 1293; x_wconf 90' lang='lat' dir='ltr'>infitias,</span> <span class='ocrx_word' id='word_1_82' title='bbox 1021 1209 1149 1274; x_wconf 91' lang='lat' dir='ltr'>Thebas</span> 
     </span>
     <span class='ocr_line' id='line_1_13' title="bbox 144 1293 1150 1379; baseline 0.006 -23"><span class='ocrx_word' id='word_1_83' title='bbox 144 1297 178 1357; x_wconf 92' lang='lat' dir='ltr'>et</span> <span class='ocrx_word' id='word_1_84' title='bbox 201 1298 276 1358; x_wconf 89' lang='lat' dir='ltr'>ante</span> <span class='ocrx_word' id='word_1_85' title='bbox 299 1293 559 1376; x_wconf 80' lang='lat' dir='ltr'>Epaminondam</span> <span class='ocrx_word' id='word_1_86' title='bbox 581 1299 695 1359; x_wconf 92' lang='lat' dir='ltr'>natum</span> <span class='ocrx_word' id='word_1_87' title='bbox 719 1299 752 1359; x_wconf 90' lang='lat' dir='ltr'>et</span> <span class='ocrx_word' id='word_1_88' title='bbox 774 1301 851 1379; x_wconf 91' lang='lat' dir='ltr'>post</span> <span class='ocrx_word' id='word_1_89' title='bbox 873 1296 1017 1361; x_wconf 90' lang='lat' dir='ltr'>eiusdem</span> <span class='ocrx_word' id='word_1_90' title='bbox 1041 1298 1150 1362; x_wconf 87' lang='lat' dir='ltr'>interi·</span> 
     </span>
     <span class='ocr_line' id='line_1_14' title="bbox 143 1381 1150 1470; baseline 0.007 -26"><span class='ocrx_word' id='word_1_91' title='bbox 143 1385 214 1445; x_wconf 92' lang='lat' dir='ltr'>tum</span> <span class='ocrx_word' id='word_1_92' title='bbox 228 1386 384 1466; x_wconf 91' lang='lat' dir='ltr'>perpetuo</span> <span class='ocrx_word' id='word_1_93' title='bbox 399 1381 504 1445; x_wconf 89' lang='lat' dir='ltr'>alieno</span> <span class='ocrx_word' id='word_1_94' title='bbox 518 1382 664 1464; x_wconf 88' lang='lat' dir='ltr'>paruisse</span> <span class='ocrx_word' id='word_1_95' title='bbox 684 1383 829 1468; x_wconf 88' lang='lat' dir='ltr'>imperio,</span> <span class='ocrx_word' id='word_1_96' title='bbox 844 1389 961 1448; x_wconf 87' lang='lat' dir='ltr'>eontra</span> <span class='ocrx_word' id='word_1_97' title='bbox 975 1408 1022 1470; x_wconf 90' lang='lat' dir='ltr'>ea,</span> <span class='ocrx_word' id='word_1_98' title='bbox 1042 1408 1150 1469; x_wconf 89' lang='lat' dir='ltr'>quam·</span> 
     </span>
     <span class='ocr_line' id='line_1_15' title="bbox 144 1469 1150 1554; baseline 0.007 -21"><span class='ocrx_word' id='word_1_99' title='bbox 144 1470 198 1533; x_wconf 95' lang='lat' dir='ltr'>diu</span> <span class='ocrx_word' id='word_1_100' title='bbox 224 1470 281 1534; x_wconf 90' lang='lat' dir='ltr'>ille</span> <span class='ocrx_word' id='word_1_101' title='bbox 307 1469 485 1553; x_wconf 86' lang='lat' dir='ltr'>praefuerit</span> <span class='ocrx_word' id='word_1_102' title='bbox 511 1469 558 1533; x_wconf 89' lang='lat' dir='ltr'>rei</span> <span class='ocrx_word' id='word_1_103' title='bbox 585 1470 749 1553; x_wconf 89' lang='lat' dir='ltr'>publicae,</span> <span class='ocrx_word' id='word_1_104' title='bbox 781 1475 878 1554; x_wconf 89' lang='lat' dir='ltr'>caput</span> <span class='ocrx_word' id='word_1_105' title='bbox 910 1471 1012 1536; x_wconf 83' lang='lat' dir='ltr'>fuisse</span> <span class='ocrx_word' id='word_1_106' title='bbox 1046 1475 1150 1539; x_wconf 90' lang='lat' dir='ltr'>totius</span> 
     </span>
     <span class='ocr_line' id='line_1_16' title="bbox 145 1556 1152 1644; baseline 0.006 -23"><span class='ocrx_word' id='word_1_107' title='bbox 145 1556 308 1623; x_wconf 84' lang='lat' dir='ltr'>Graeciae.</span> <span class='ocrx_word' id='word_1_108' title='bbox 353 1580 392 1623; x_wconf 90' lang='lat' dir='ltr'>ex</span> <span class='ocrx_word' id='word_1_109' title='bbox 424 1579 487 1642; x_wconf 92' lang='lat' dir='ltr'>quo</span> <span class='ocrx_word' id='word_1_110' title='bbox 519 1558 668 1644; x_wconf 79' lang='lat' dir='ltr'>intellegi</span> <span class='ocrx_word' id='word_1_111' title='bbox 699 1561 810 1642; x_wconf 88' lang='lat' dir='ltr'>potest</span> <span class='ocrx_word' id='word_1_112' title='bbox 845 1581 946 1622; x_wconf 91' lang='lat' dir='ltr'>unum</span> <span class='ocrx_word' id='word_1_113' title='bbox 982 1560 1152 1627; x_wconf 89' lang='lat' dir='ltr'>hominem</span> 
     </span>
     <span class='ocr_line' id='line_1_17' title="bbox 143 1646 687 1731; baseline 0.002 -21"><span class='ocrx_word' id='word_1_114' title='bbox 143 1647 246 1731; x_wconf 90' lang='lat' dir='ltr'>pluris</span> <span class='ocrx_word' id='word_1_115' title='bbox 270 1669 367 1731; x_wconf 91' lang='lat' dir='ltr'>quam</span> <span class='ocrx_word' id='word_1_116' title='bbox 390 1647 556 1712; x_wconf 77' lang='lat' dir='ltr'>civitatem</span> <span class='ocrx_word' id='word_1_117' title='bbox 577 1646 687 1712; x_wconf 85' lang='lat' dir='ltr'>fuisse.</span> 
     </span>
    </p>
   </div>
   <div class='ocr_carea' id='block_1_3' title="bbox 452 1949 845 2022">
    <p class='ocr_par' dir='ltr' id='par_1_4' title="bbox 452 1949 845 2022">
     <span class='ocr_line' id='line_1_18' title="bbox 452 1949 845 2022; baseline 0.003 -1"><span class='ocrx_word' id='word_1_118' title='bbox 452 1949 546 2021; x_wconf 89' lang='lat' dir='ltr'>XVI.</span> <span class='ocrx_word' id='word_1_119' title='bbox 574 1949 845 2022; x_wconf 84' lang='lat' dir='ltr'>PELOPIDAS.</span> 
     </span>
    </p>
   </div>
   <div class='ocr_carea' id='block_1_4' title="bbox 109 2084 1194 3588">
    <p class='ocr_par' dir='ltr' id='par_1_5' title="bbox 111 2084 1194 2857">
     <span class='ocr_line' id='line_1_19' title="bbox 111 2084 1154 2176; baseline 0.004 -26"><span class='ocrx_word' id='word_1_120' title='bbox 111 2086 128 2150; x_wconf 89' lang='grc'>1</span> <span class='ocrx_word' id='word_1_121' title='bbox 232 2085 404 2169; x_wconf 88' lang='lat' dir='ltr'>Pelopidas</span> <span class='ocrx_word' id='word_1_122' title='bbox 418 2084 601 2170; x_wconf 83' lang='lat' dir='ltr'>Thebanus,</span> <span class='ocrx_word' id='word_1_123' title='bbox 623 2087 728 2171; x_wconf 82' lang='lat' dir='ltr'>magis</span> <span class='ocrx_word' id='word_1_124' title='bbox 747 2087 913 2151; x_wconf 82' lang='lat' dir='ltr'>historicis</span> <span class='ocrx_word' id='word_1_125' title='bbox 932 2111 1030 2170; x_wconf 91' lang='lat' dir='ltr'>quam</span> <span class='ocrx_word' id='word_1_126' title='bbox 1051 2090 1154 2176; x_wconf 84' lang='lat' dir='ltr'>vulgo·</span> 
     </span>
     <span class='ocr_line' id='line_1_20' title="bbox 143 2173 1194 2257; baseline 0.002 -18"><span class='ocrx_word' id='word_1_127' title='bbox 143 2177 250 2239; x_wconf 88' lang='lat' dir='ltr'>notus.</span> <span class='ocrx_word' id='word_1_128' title='bbox 295 2174 386 2238; x_wconf 86' lang='lat' dir='ltr'>cuius</span> <span class='ocrx_word' id='word_1_129' title='bbox 413 2173 452 2238; x_wconf 90' lang='lat' dir='ltr'>de</span> <span class='ocrx_word' id='word_1_130' title='bbox 479 2174 657 2239; x_wconf 78' lang='lat' dir='ltr'>virtutibus</span> <span class='ocrx_word' id='word_1_131' title='bbox 685 2174 799 2238; x_wconf 94' lang='lat' dir='ltr'>dubito</span> <span class='ocrx_word' id='word_1_132' title='bbox 827 2197 924 2257; x_wconf 90' lang='lat' dir='ltr'>quem</span> <span class='ocrx_word' id='word_1_133' title='bbox 950 2176 991 2240; x_wconf 92' lang='lat' dir='ltr'>ad</span> <span class='ocrx_word' id='word_1_134' title='bbox 1018 2177 1148 2243; x_wconf 92' lang='lat' dir='ltr'>modum</span> <span class='ocrx_word' id='word_1_135' title='bbox 1192 2190 1194 2241; x_wconf 73' lang='lat' dir='ltr'>i</span> 
     </span>
     <span class='ocr_line' id='line_1_21' title="bbox 144 2262 1194 2349; baseline 0.003 -21"><span class='ocrx_word' id='word_1_136' title='bbox 144 2284 316 2347; x_wconf 89' lang='lat' dir='ltr'>exponam,</span> <span class='ocrx_word' id='word_1_137' title='bbox 344 2262 430 2347; x_wconf 93' lang='lat' dir='ltr'>quod</span> <span class='ocrx_word' id='word_1_138' title='bbox 452 2283 577 2347; x_wconf 87' lang='lat' dir='ltr'>vereor,</span> <span class='ocrx_word' id='word_1_139' title='bbox 605 2263 634 2327; x_wconf 88' lang='lat' dir='ltr'>si</span> <span class='ocrx_word' id='word_1_140' title='bbox 657 2284 708 2327; x_wconf 90' lang='lat' dir='ltr'>res</span> <span class='ocrx_word' id='word_1_141' title='bbox 732 2263 892 2346; x_wconf 83' lang='lat' dir='ltr'>explicare</span> <span class='ocrx_word' id='word_1_142' title='bbox 915 2265 1083 2349; x_wconf 85' lang='lat' dir='ltr'>incipiam,</span> <span class='ocrx_word' id='word_1_143' title='bbox 1110 2287 1147 2331; x_wconf 90' lang='lat' dir='ltr'>ne</span> <span class='ocrx_word' id='word_1_144' title='bbox 1192 2274 1194 2281; x_wconf 89' lang='lat'>&#39;</span> 
     </span>
     <span class='ocr_line' id='line_1_22' title="bbox 144 2350 1147 2439; baseline 0.002 -22"><span class='ocrx_word' id='word_1_145' title='bbox 144 2374 210 2417; x_wconf 91' lang='lat' dir='ltr'>non</span> <span class='ocrx_word' id='word_1_146' title='bbox 223 2352 326 2416; x_wconf 78' lang='lat' dir='ltr'>uitam</span> <span class='ocrx_word' id='word_1_147' title='bbox 340 2352 409 2415; x_wconf 91' lang='lat' dir='ltr'>eius</span> <span class='ocrx_word' id='word_1_148' title='bbox 428 2372 587 2436; x_wconf 88' lang='lat' dir='ltr'>enarrare,</span> <span class='ocrx_word' id='word_1_149' title='bbox 610 2350 665 2415; x_wconf 90' lang='lat' dir='ltr'>sed</span> <span class='ocrx_word' id='word_1_150' title='bbox 683 2351 857 2416; x_wconf 88' lang='lat' dir='ltr'>historiam</span> <span class='ocrx_word' id='word_1_151' title='bbox 869 2352 979 2417; x_wconf 84' lang='lat' dir='ltr'>videar</span> <span class='ocrx_word' id='word_1_152' title='bbox 1000 2354 1147 2439; x_wconf 87' lang='lat' dir='ltr'>scribere,</span> 
     </span>
     <span class='ocr_line' id='line_1_23' title="bbox 145 2438 1147 2526; baseline 0.003 -21"><span class='ocrx_word' id='word_1_153' title='bbox 145 2440 197 2505; x_wconf 91' lang='lat' dir='ltr'>sin</span> <span class='ocrx_word' id='word_1_154' title='bbox 224 2438 449 2505; x_wconf 90' lang='lat' dir='ltr'>tantummodo</span> <span class='ocrx_word' id='word_1_155' title='bbox 478 2461 620 2504; x_wconf 91' lang='lat' dir='ltr'>summas</span> <span class='ocrx_word' id='word_1_156' title='bbox 648 2440 803 2526; x_wconf 82' lang='lat' dir='ltr'>attigero,</span> <span class='ocrx_word' id='word_1_157' title='bbox 830 2463 871 2504; x_wconf 91' lang='lat' dir='ltr'>ne</span> <span class='ocrx_word' id='word_1_158' title='bbox 894 2442 1028 2506; x_wconf 89' lang='lat' dir='ltr'>rudibus</span> <span class='ocrx_word' id='word_1_159' title='bbox 1054 2441 1147 2508; x_wconf 85' lang='lat' dir='ltr'>Grae</span> 
     </span>
     <span class='ocr_line' id='line_1_24' title="bbox 145 2528 1146 2614; baseline 0.001 -20"><span class='ocrx_word' id='word_1_160' title='bbox 145 2551 255 2594; x_wconf 89' lang='lat' dir='ltr'>carum</span> <span class='ocrx_word' id='word_1_161' title='bbox 286 2528 471 2592; x_wconf 89' lang='lat' dir='ltr'>litterarum</span> <span class='ocrx_word' id='word_1_162' title='bbox 500 2529 607 2592; x_wconf 92' lang='lat' dir='ltr'>minus</span> <span class='ocrx_word' id='word_1_163' title='bbox 640 2528 777 2593; x_wconf 87' lang='lat' dir='ltr'>dilucide</span> <span class='ocrx_word' id='word_1_164' title='bbox 808 2534 975 2613; x_wconf 86' lang='lat' dir='ltr'>appareat,</span> <span class='ocrx_word' id='word_1_165' title='bbox 1009 2538 1146 2614; x_wconf 80' lang='lat' dir='ltr'>quantur</span> 
     </span>
     <span class='ocr_line' id='line_1_25' title="bbox 143 2616 1147 2702; baseline 0.007 -23"><span class='ocrx_word' id='word_1_166' title='bbox 143 2617 243 2681; x_wconf 84' lang='lat' dir='ltr'>fuerit</span> <span class='ocrx_word' id='word_1_167' title='bbox 265 2616 320 2680; x_wconf 91' lang='lat' dir='ltr'>ille</span> <span class='ocrx_word' id='word_1_168' title='bbox 342 2617 401 2680; x_wconf 78' lang='lat' dir='ltr'>vir.</span> <span class='ocrx_word' id='word_1_169' title='bbox 434 2617 545 2699; x_wconf 92' lang='lat' dir='ltr'>itaque</span> <span class='ocrx_word' id='word_1_170' title='bbox 569 2617 699 2699; x_wconf 84' lang='lat' dir='ltr'>utrique</span> <span class='ocrx_word' id='word_1_171' title='bbox 722 2616 770 2681; x_wconf 89' lang='lat' dir='ltr'>rei</span> <span class='ocrx_word' id='word_1_172' title='bbox 793 2639 968 2701; x_wconf 88' lang='lat' dir='ltr'>occurram,</span> <span class='ocrx_word' id='word_1_173' title='bbox 992 2626 1147 2702; x_wconf 88' lang='lat' dir='ltr'>quantum</span> 
     </span>
     <span class='ocr_line' id='line_1_26' title="bbox 144 2704 1147 2791; baseline 0.007 -24"><span class='ocrx_word' id='word_1_174' title='bbox 144 2708 294 2789; x_wconf 90' lang='lat' dir='ltr'>potuero,</span> <span class='ocrx_word' id='word_1_175' title='bbox 326 2707 360 2768; x_wconf 91' lang='lat' dir='ltr'>et</span> <span class='ocrx_word' id='word_1_176' title='bbox 388 2704 542 2768; x_wconf 90' lang='lat' dir='ltr'>medebor</span> <span class='ocrx_word' id='word_1_177' title='bbox 569 2726 642 2769; x_wconf 88' lang='lat' dir='ltr'>cum</span> <span class='ocrx_word' id='word_1_178' title='bbox 670 2706 814 2770; x_wconf 83' lang='lat' dir='ltr'>satietati</span> <span class='ocrx_word' id='word_1_179' title='bbox 844 2708 914 2768; x_wconf 94' lang='lat' dir='ltr'>tum</span> <span class='ocrx_word' id='word_1_180' title='bbox 946 2705 1147 2791; x_wconf 83' lang='lat' dir='ltr'>ignorantiae</span> 
     </span>
     <span class='ocr_line' id='line_1_27' title="bbox 146 2792 529 2857; baseline -0.008 -1"><span class='ocrx_word' id='word_1_181' title='bbox 146 2793 314 2857; x_wconf 87' lang='lat' dir='ltr'>lectorum.</span> <span class='ocrx_word' id='word_1_182' title='bbox 519 2792 529 2810; x_wconf 87' lang='lat'>’</span> 
     </span>
    </p>

    <p class='ocr_par' dir='ltr' id='par_1_6' title="bbox 109 2878 1148 3324">
     <span class='ocr_line' id='line_1_28' title="bbox 109 2878 1148 2970; baseline 0.007 -26"><span class='ocrx_word' id='word_1_183' title='bbox 109 2897 126 2944; x_wconf 86' lang='lat' dir='ltr'>a</span> <span class='ocrx_word' id='word_1_184' title='bbox 233 2879 415 2944; x_wconf 91' lang='lat' dir='ltr'>Phoebidas</span> <span class='ocrx_word' id='word_1_185' title='bbox 443 2878 716 2946; x_wconf 87' lang='lat' dir='ltr'>Lacedaemonius</span> <span class='ocrx_word' id='word_1_186' title='bbox 749 2903 821 2946; x_wconf 86' lang='lat' dir='ltr'>cum</span> <span class='ocrx_word' id='word_1_187' title='bbox 849 2884 1026 2947; x_wconf 84' lang='lat' dir='ltr'>exercitum</span> <span class='ocrx_word' id='word_1_188' title='bbox 1054 2884 1148 2970; x_wconf 83' lang='lat' dir='ltr'>Olyn-</span> 
     </span>
     <span class='ocr_line' id='line_1_29' title="bbox 145 2968 1148 3058; baseline 0.005 -24"><span class='ocrx_word' id='word_1_189' title='bbox 145 2970 239 3034; x_wconf 91' lang='lat' dir='ltr'>thum</span> <span class='ocrx_word' id='word_1_190' title='bbox 262 2968 392 3032; x_wconf 90' lang='lat' dir='ltr'>duceret</span> <span class='ocrx_word' id='word_1_191' title='bbox 414 2968 541 3052; x_wconf 90' lang='lat' dir='ltr'>iterque</span> <span class='ocrx_word' id='word_1_192' title='bbox 563 2991 622 3053; x_wconf 92' lang='lat' dir='ltr'>per</span> <span class='ocrx_word' id='word_1_193' title='bbox 644 2969 770 3033; x_wconf 88' lang='lat' dir='ltr'>Thebas</span> <span class='ocrx_word' id='word_1_194' title='bbox 798 2969 933 3054; x_wconf 88' lang='lat' dir='ltr'>faceret,</span> <span class='ocrx_word' id='word_1_195' title='bbox 961 2993 1068 3037; x_wconf 88' lang='lat' dir='ltr'>arcem</span> <span class='ocrx_word' id='word_1_196' title='bbox 1098 2996 1148 3058; x_wconf 94' lang='lat' dir='ltr'>op·</span> 
     </span>
     <span class='ocr_line' id='line_1_30' title="bbox 145 3055 1148 3145; baseline 0.006 -24"><span class='ocrx_word' id='word_1_197' title='bbox 145 3057 231 3142; x_wconf 90' lang='lat' dir='ltr'>pidi,</span> <span class='ocrx_word' id='word_1_198' title='bbox 268 3078 349 3140; x_wconf 88' lang='lat' dir='ltr'>quae</span> <span class='ocrx_word' id='word_1_199' title='bbox 386 3055 526 3123; x_wconf 82' lang='lat' dir='ltr'>Cadmea</span> <span class='ocrx_word' id='word_1_200' title='bbox 561 3057 765 3141; x_wconf 91' lang='lat' dir='ltr'>nominatur,</span> <span class='ocrx_word' id='word_1_201' title='bbox 801 3058 972 3143; x_wconf 83' lang='lat' dir='ltr'>occupavit</span> <span class='ocrx_word' id='word_1_202' title='bbox 1006 3061 1148 3145; x_wconf 88' lang='lat' dir='ltr'>impulsu</span> 
     </span>
     <span class='ocr_line' id='line_1_31' title="bbox 145 3144 1148 3235; baseline 0.005 -25"><span class='ocrx_word' id='word_1_203' title='bbox 145 3167 322 3230; x_wconf 88' lang='lat' dir='ltr'>paucorum</span> <span class='ocrx_word' id='word_1_204' title='bbox 344 3144 587 3228; x_wconf 90' lang='lat' dir='ltr'>Thebanorum,</span> <span class='ocrx_word' id='word_1_205' title='bbox 615 3146 670 3229; x_wconf 92' lang='lat' dir='ltr'>qui</span> <span class='ocrx_word' id='word_1_206' title='bbox 698 3145 899 3211; x_wconf 83' lang='lat' dir='ltr'>adversariae</span> <span class='ocrx_word' id='word_1_207' title='bbox 926 3147 1063 3214; x_wconf 88' lang='lat' dir='ltr'>factioni</span> <span class='ocrx_word' id='word_1_208' title='bbox 1086 3171 1148 3235; x_wconf 90' lang='lat' dir='ltr'>quo</span> 
     </span>
     <span class='ocr_line' id='line_1_32' title="bbox 145 3232 1148 3324; baseline 0.006 -27"><span class='ocrx_word' id='word_1_209' title='bbox 145 3234 273 3298; x_wconf 89' lang='lat' dir='ltr'>facilius</span> <span class='ocrx_word' id='word_1_210' title='bbox 297 3234 500 3316; x_wconf 88' lang='lat' dir='ltr'>resisterent,</span> <span class='ocrx_word' id='word_1_211' title='bbox 527 3232 693 3297; x_wconf 86' lang='lat' dir='ltr'>Laconum</span> <span class='ocrx_word' id='word_1_212' title='bbox 715 3234 812 3298; x_wconf 88' lang='lat' dir='ltr'>rebus</span> <span class='ocrx_word' id='word_1_213' title='bbox 836 3235 1024 3320; x_wconf 89' lang='lat' dir='ltr'>studebant,</span> <span class='ocrx_word' id='word_1_214' title='bbox 1053 3238 1148 3324; x_wconf 89' lang='lat' dir='ltr'>idque</span> 
     </span>
    </p>

    <p class='ocr_par' dir='ltr' id='par_1_7' title="bbox 111 3321 1149 3588">
     <span class='ocr_line' id='line_1_33' title="bbox 111 3321 1149 3407; baseline 0.006 -21"><span class='ocrx_word' id='word_1_215' title='bbox 111 3337 126 3385; x_wconf 85' lang='lat'><strong>3</strong></span> <span class='ocrx_word' id='word_1_216' title='bbox 146 3343 204 3386; x_wconf 92' lang='lat' dir='ltr'>suo</span> <span class='ocrx_word' id='word_1_217' title='bbox 223 3325 361 3407; x_wconf 87' lang='lat' dir='ltr'>privato,</span> <span class='ocrx_word' id='word_1_218' title='bbox 382 3344 448 3386; x_wconf 89' lang='lat' dir='ltr'>non</span> <span class='ocrx_word' id='word_1_219' title='bbox 466 3321 597 3405; x_wconf 90' lang='lat' dir='ltr'>publico</span> <span class='ocrx_word' id='word_1_220' title='bbox 614 3321 693 3387; x_wconf 80' lang='lat' dir='ltr'>fecit</span> <span class='ocrx_word' id='word_1_221' title='bbox 712 3323 856 3389; x_wconf 89' lang='lat' dir='ltr'>consilio.</span> <span class='ocrx_word' id='word_1_222' title='bbox 891 3345 954 3407; x_wconf 93' lang='lat' dir='ltr'>quo</span> <span class='ocrx_word' id='word_1_223' title='bbox 972 3323 1062 3391; x_wconf 85' lang='lat' dir='ltr'>facto</span> <span class='ocrx_word' id='word_1_224' title='bbox 1077 3349 1149 3392; x_wconf 90' lang='lat' dir='ltr'>eum</span> 
     </span>
     <span class='ocr_line' id='line_1_34' title="bbox 146 3408 1149 3496; baseline 0.008 -24"><span class='ocrx_word' id='word_1_225' title='bbox 146 3408 392 3475; x_wconf 86' lang='lat' dir='ltr'>Lacedaemonii</span> <span class='ocrx_word' id='word_1_226' title='bbox 410 3411 451 3474; x_wconf 90' lang='lat' dir='ltr'>ab</span> <span class='ocrx_word' id='word_1_227' title='bbox 471 3409 615 3474; x_wconf 87' lang='lat' dir='ltr'>exercitu</span> <span class='ocrx_word' id='word_1_228' title='bbox 632 3417 839 3475; x_wconf 84' lang='lat' dir='ltr'>removerunt</span> <span class='ocrx_word' id='word_1_229' title='bbox 856 3412 1056 3496; x_wconf 88' lang='lat' dir='ltr'>pecuniaque</span> <span class='ocrx_word' id='word_1_230' title='bbox 1071 3415 1149 3480; x_wconf 91' lang='lat' dir='ltr'>mul-</span> 
     </span>
     <span class='ocr_line' id='line_1_35' title="bbox 146 3498 1149 3588; baseline 0.006 -27"><span class='ocrx_word' id='word_1_231' title='bbox 146 3501 272 3583; x_wconf 88' lang='lat' dir='ltr'>tarunt,</span> <span class='ocrx_word' id='word_1_232' title='bbox 300 3521 404 3583; x_wconf 91' lang='lat' dir='ltr'>neque</span> <span class='ocrx_word' id='word_1_233' title='bbox 427 3520 464 3564; x_wconf 91' lang='lat' dir='ltr'>eo</span> <span class='ocrx_word' id='word_1_234' title='bbox 488 3498 592 3584; x_wconf 84' lang='lat' dir='ltr'>magis</span> <span class='ocrx_word' id='word_1_235' title='bbox 616 3521 723 3564; x_wconf 90' lang='lat' dir='ltr'>arcem</span> <span class='ocrx_word' id='word_1_236' title='bbox 744 3499 907 3564; x_wconf 84' lang='lat' dir='ltr'>Thebanis</span> <span class='ocrx_word' id='word_1_237' title='bbox 934 3500 1149 3588; x_wconf 87' lang='lat' dir='ltr'>reddiderunt,</span> 
     </span>
    </p>
   </div>
   <div class='ocr_carea' id='block_1_5' title="bbox 0 0 1272 4042">
    <p class='ocr_par' dir='ltr' id='par_1_8' title="bbox 0 0 1272 4042">
     <span class='ocr_line' id='line_1_36' title="bbox 0 0 1272 4042; baseline 0 0"><span class='ocrx_word' id='word_1_238' title='bbox 0 0 1272 4042; x_wconf 95' lang='lat' dir='ltr'> </span> 
     </span>
    </p>
   </div>
  </div>
 </body>
</html>
