2528 4042
340 184 399 241 XV.
418 185 692 243 EPAMINONDAS.
721 195 772 243 2-
775 195 800 245 4.
1031 191 1072 256 57

64 331 201 398 cebatur
222 331 399 414 plurimum
418 332 573 397 currendo
593 336 627 397 et
644 334 797 399 luctando
816 335 949 400 adeum
966 337 1074 422 finem,

65 419 174 505 quoad
202 423 292 484 stans
321 420 494 504 complecti
525 424 637 504 posset
665 424 762 506 atque
792 425 994 490 contendere.
1038 426 1074 489 in

64 508 166 574 armis
189 528 267 572 vero
289 509 520 592 plurimumst
489 509 589 573 studii
613 511 832 574 consumebat.

154 594 207 660 Ad
233 595 317 660 hanc
345 596 489 682 corporis
518 597 656 662 firmitat
642 602 709 662 tem
731 599 826 682 plura
848 600 948 664 etiam
972 602 1113 668 amm13

63 687 151 751 bona
170 673 383 750 accesserant.
413 685 583 750 eratenim
597 686 724 750 modest
710 690 773 772 tus,
790 688 940 772 prudens,
955 691 1073 775 gravis,
1139 742 1141 748 .

65 772 271 877 temporibus
281 773 452 874 sapienter
470 776 574 858 utens,
597 774 722 858 peritus
739 775 829 860 belli,
851 775 948 841 fortis
967 799 1073 862 manu,

64 864 175 929 animo
203 861 358 946 maximo,
390 862 469 926 adeo
500 861 568 926 veri
570 863 650 926 tatis
683 863 834 949 diligens,
865 868 904 928 ut
931 887 971 929 ne
1001 866 1073 930 ioco

65 951 198 1036 quidem
220 913 422 1015 mentiretur.
461 950 548 1015 idem
571 951 748 1036 cortinam,
771 954 910 1018 clemens
933 976 976 1038 pa
956 953 1074 1018 atiens·
1092 972 1110 1018 a

68 1060 131 1123 que
158 1037 417 1103 admirandum
407 1060 443 1101 ιιι
469 1038 613 1122 modum,
642 1061 708 1104 non
731 1003 837 1105 dolum
850 1042 991 1142 populi,
1018 1042 1074 1106 sed

66 1127 168 1193 etiam
189 1127 369 1192 amicorum
391 1125 534 1190 ferens
525 1126 674 1212 miurias,
700 1127 735 1192 in
761 1129 876 1212 primis
900 1130 1075 1196 commissa

65 1216 192 1300 celans,
221 1214 364 1299 quodque
395 1214 559 1279 interdum
584 1236 650 1279 non
677 1216 784 1280 minus
816 1217 949 1318 prodest
977 1240 1075 1302 quam

65 1303 188 1369 diserte
211 1302 326 1387 dicere,
350 1303 513 1368 studiosus
537 1304 699 1368 audiendi:
729 1327 768 1369 ex
789 1305 852 1370 hoc
876 1307 962 1370 enim
984 1307 1074 1371 facil-

65 1392 147 1457 lime
169 1390 248 1456 disci
272 1391 501 1456 arbitrabatur.
546 1391 657 1476 itaque
681 1415 754 1458 cum
782 1393 817 1458 in
844 1394 1001 1459 circulum
1024 1417 1074 1461 ve
1093 1412 1109 1459 3

69 1479 186 1563 nisset,
210 1479 245 1545 in
273 1501 336 1563 quo
360 1482 417 1543 aut
440 1479 478 1544 de
501 1481 689 1564 republica
712 1482 933 1565 disputaretur
956 1487 1013 1548 aut
1036 1483 1075 1547 de

68 1566 276 1653 philosophia
307 1589 412 1632 sermo
438 1568 629 1653 haberetur,
664 1591 842 1652 numquam
878 1570 952 1635 inde
984 1571 1074 1654 prius

67 1655 218 1721 discessit
203 1659 348 1740 t,quam
371 1656 411 1719 ad
432 1656 531 1721 finem
554 1677 659 1721 sermo
683 1662 770 1721 esset
793 1658 959 1722 adductus.
999 1679 1075 1741 pau·
1093 1674 1111 1723 4

65 1706 229 1828 pertatenl
252 1745 331 1809 adeo
354 1743 450 1808 facile
472 1764 645 1827 perpessus
669 1749 733 1828 est,
761 1750 799 1808 ut
785 1745 864 1808 tde
887 1766 922 1809 re
945 1745 1076 1829 publica

64 1833 149 1898 nihil
171 1836 302 1916 praeter
325 1832 464 1917 gloriam
482 1831 612 1916 ceperit.
651 1832 830 1898 amicorum
848 1833 883 1897 in
901 1855 936 1896 se
955 1833 1075 1899 tuendo

66 1921 175 1987 caruit
204 1919 431 2005 facultatibus,
461 1919 524 1984 fide
552 1920 592 1984 ad
620 1921 702 1986 alios
734 1921 949 1987 sublevandos
980 1943 1075 2023 saepe

66 2009 113 2075 sic
137 2030 216 2073 usus
240 2013 304 2093 est,
329 2012 368 2073 ut
394 2009 529 2073 iudicari
552 2009 658 2093 possit
681 2009 790 2075 omnia
812 2010 842 2074 ei
865 2032 939 2075 cum
962 2011 1075 2077 amicis

66 2096 168 2162 fluisse
196 2098 387 2163 communia.
431 2119 508 2162 nam
532 2119 605 2162 cum
628 2102 685 2163 aut
712 2098 831 2164 civium
859 2121 992 2165 suorum
1020 2099 1075 2163 ali·
1094 2115 1110 2164 ι

66 2186 141 2270 quis
160 2185 202 2250 ab
223 2184 375 2250 hostibus
395 2189 481 2250 esset
499 2191 574 2270 capt
575 2208 613 2251 us
629 2191 686 2252 aut
699 2188 791 2274 virgo
805 2187 926 2252 nubilis
941 2193 1076 2271 propter

66 2277 295 2359 paupertatem
309 2274 462 2339 collocari
479 2296 546 2339 non
563 2279 686 2358 posset,
709 2276 887 2339 amicorum
902 2275 1076 2339 concilium

66 2362 267 2427 habebatt
234 2365 280 2446 et,
307 2367 466 2445 quantum
488 2362 624 2445 quisque
647 2362 752 2445 daret,
779 2384 839 2445 pro
863 2361 1000 2425 facultat
1001 2362 1075 2426 ibus

66 2451 259 2534 imperabat.
293 2471 427 2534 eamque
443 2472 603 2515 summam
617 2472 691 2515 cum
704 2448 834 2534 fecerat,
851 2448 962 2533 potius
978 2471 1075 2532 quam
1094 2466 1110 2515 o

67 2540 132 2622 ipsc
155 2539 316 2622 acciperet
338 2539 521 2623 pecuniam,
548 2539 728 2638 adducebat
751 2559 848 2638 eum.
866 2537 922 2620 qui
946 2559 1076 2622 quaere-

67 2626 281 2800 ballota
301 2649 366 2799 tt,
379 2626 713 2798 03532211353333
731 2629 1077 2799 ιιῑιὲιιξιῖι

69 2807 228 2886 quantum
251 2804 366 2886 cuique
390 2803 529 2868 deberet.

155 2891 296 2956 Tentata
318 2895 428 2955 autem
447 2892 516 2957 eius
535 2895 586 2956 est
604 2892 679 2955 abst
665 2892 804 2956 tinentia
822 2914 842 2956 a
859 2891 1075 2956 Diomedonte
1094 2892 1116 2956 4

68 2976 242 3064 Cyziceno:
265 3001 405 3079 namque
428 2981 456 3045 is
479 2984 598 3067 rogatu
620 2979 812 3045 Artaxerxis
835 2980 922 3066 regis
945 2979 1076 3062 Epami-

66 3068 209 3133 nondam
222 3068 359 3152 pecunia
373 3068 643 3169 corrumpendum
658 3073 852 3152 susceperat
884 3068 938 3132 hic
957 3088 1076 3152 magno

68 3177 142 3222 cum
173 3156 314 3240 pondere
347 3156 417 3218 auri
443 3156 572 3222 Thebas
604 3157 693 3221 venit
725 3161 758 3220 et
787 3155 890 3238 Micyt
876 3155 971 3219 thum
1003 3155 1077 3219 adu·

66 3243 295 3327 lescentulum‚
325 3263 421 3325 quem
448 3248 518 3310 tum
541 3245 783 3328 Epaminondas
807 3243 984 3326 plurimum
1007 3242 1077 3306 dili·

66 3335 176 3418 gebat,
199 3334 340 3416 quinque
363 3331 496 3395 talentis
520 3334 561 3397 ad
583 3355 676 3398 suam
698 3331 849 3416 perduxit
865 3332 1091 3396 voluntatem..

65 3419 234 3506 Micythus
252 3419 512 3505 Epaminondam
535 3422 685 3486 convenit
708 3422 742 3483 et
764 3440 895 3484 causam
919 3419 1076 3484 adventus

64 3506 295 3575 Diomedontis
314 3507 465 3573 ostendit.
499 3512 534 3572 at
552 3508 608 3573 ille
621 3506 831 3573 Diomedonti
846 3528 956 3572 coram
971 3506 1075 3572 ‘nihil’
1096 3523 1112 3572 ι
