2528 4042
199 181 243 245 56
478 175 539 231 XV.
557 171 828 230 nPnnmonons.
858 181 881 228 1.
901 183 925 229 2.

474 359 549 432 XV.
576 358 932 433 EPAMINONDAS.

164 503 183 567 1
286 499 540 585 Epaminondas,
562 497 726 580 Polymnii
749 498 846 583 filius,
868 497 1049 562 Thebanus.
1085 496 1207 561 dehoc

198 590 390 675 priusquam
409 587 590 669 scribimus,
608 585 689 650 haec
702 586 929 669 praecipienda
942 586 1091 651 videntur
1108 585 1207 650 lecto·

199 680 300 765 ribus,
322 700 363 743 ne
381 677 503 740 alienos
522 694 628 737 mores
648 672 688 737 ad
707 673 949 758 suosreferant,
966 695 1106 756 nereca,
1125 693 1208 756 quae

200 769 281 854 ipsis
304 767 426 831 leviora
449 765 537 845 sunt,
564 761 637 844 pari
659 761 755 825 modo
778 762 864 845 apud
887 766 1014 827 ceteros
1036 761 1136 826 fuisse
1162 783 1208 825 ar-

164 872 182 920 a
200 857 372 921 bitrentur.
401 851 520 915 scimus
539 849 626 913 enirn
644 850 789 915 musicen
801 850 925 914 nostris
939 851 1085 915 moribus
1096 851 1209 914 abesse

202 968 221 1009 a
243 940 398 1028 principis
420 959 568 1022 persona,
591 938 710 1003 saltare
733 960 810 1003 vero
834 938 933 1002 etiam
951 938 987 1001 in
1004 939 1094 1003 vitiis
1117 939 1210 1023 poni:

203 1053 284 1117 quae
308 1027 416 1094 omnia
438 1026 523 1111 apud
547 1025 689 1092 Graecos
707 1031 742 1091 et
759 1030 855 1113 grata
872 1030 905 1091 et
922 1025 1134 1113 laudedigna
1156 1027 1211 1092 du-

166 1137 184 1184 a
203 1121 327 1185 cuntur.
359 1137 433 1181 cum
447 1119 556 1179 autern
574 1116 753 1200 exprimere
772 1115 948 1200 imaginem
966 1115 1211 1181 consuetudinis

202 1210 299 1288 atque
322 1204 409 1269 vitae
432 1204 568 1268 velimus
591 1203 850 1288 Epaminondae,
878 1203 962 1268 nihil
988 1203 1135 1268 videmur
1159 1205 1212 1269 de·

201 1295 277 1358 bere
300 1292 575 1376 praetermittere,
599 1291 685 1374 quod
708 1293 871 1374 pertineat
894 1292 935 1356 ad
957 1313 1029 1356 eam
1047 1293 1213 1357 declaran-

165 1383 285 1446 ddam.
331 1400 430 1464 quare
454 1379 596 1443 dicemus
618 1378 761 1461 primum
784 1378 822 1442 de
846 1400 963 1462 genere
987 1381 1072 1466 eius,
1095 1380 1213 1446 deinde

203 1470 319 1554 quibus
347 1467 525 1551 disciplinis
553 1471 588 1530 et
615 1488 635 1529 1
662 1465 780 1549 quibus
808 1466 852 1529 sit
880 1467 1040 1549 eruditus,
1071 1472 1142 1532 turn
1173 1470 1214 1534 de

203 1558 348 1623 moribus
370 1556 557 1642 ingeniique
579 1553 791 1620 facultatibus
814 1557 848 1618 ct
871 1554 899 1618 si
922 1575 986 1637 qua
1007 1555 1071 1617 alia
1089 1577 1215 1622 memo-

203 1648 253 1711 ria
280 1647 379 1733 digna
406 1649 514 1730 erunt,
545 1647 710 1729 postremo
738 1643 778 1708 de
806 1643 902 1707 rebus
930 1642 1048 1728 gestis,
1079 1663 1162 1725 quae
1194 1668 1216 1709 a

204 1736 355 1820 plurimis
379 1733 479 1800 animi
502 1735 744 1817 anteponuntur
765 1730 951 1796 virtutibus.

169 1825 192 1890 2
293 1823 401 1888 Natus
423 1823 526 1908 igitur
547 1826 650 1906 patre,
672 1842 736 1904 quo
755 1819 904 1904 diximus,
927 1839 1043 1904 genere
1062 1819 1217 1906 honesto,

204 1911 416 1996 pauperiem
439 1933 459 1973 a
481 1909 659 1974 maioribus
682 1908 815 1973 relictus
843 1913 900 1991 est,
930 1908 1074 1972 eruditus
1102 1911 1216 1973 autem

206 2001 253 2063 sic
275 2003 313 2062 ut
334 2018 430 2061 nemo
453 1996 626 2060 Thebanus
650 1996 764 2080 magis.
809 2018 886 2060 nam
908 2001 943 2060 et
966 1996 1156 2060 citharizare
1182 2001 1216 2062 et

206 2089 336 2151 cantare
365 2085 406 2148 ad
433 2083 625 2148 chordarum
653 2105 769 2148 sonum
791 2083 905 2149 doctus
929 2088 981 2147 est
1003 2106 1022 2147 1
1044 2083 1215 2171 Dionysio,

207 2174 263 2258 qui
289 2195 356 2238 non
383 2171 506 2236 minore
535 2170 600 2236 fuit
621 2171 657 2235 in
678 2171 811 2236 musicis
835 2171 940 2257 gloria
964 2193 1062 2255 quam
1084 2171 1216 2238 Damon

207 2267 264 2327 aut
287 2260 461 2346 Lamprus,
489 2281 626 2343 quorum
648 2260 841 2345 permlgata
864 2263 941 2324 sunt
967 2262 1114 2345 nomina,
1142 2283 1215 2326 can-

170 2367 189 2417 2
208 2355 279 2416 tare
302 2350 393 2414 tibiis
416 2349 458 2413 ab
478 2347 721 2433 Olympiodoro,
744 2349 863 2413 saltare
887 2371 907 2413 a
925 2345 1143 2432 Calliphrone.
1181 2354 1216 2414 at

208 2438 435 2524 philosophiae
457 2441 701 2522 praeceptorem
722 2436 838 2501 habuit
860 2435 974 2521 Lysim
994 2437 1216 2522 Tarentinum,

208 2527 465 2612 Pythagoreum:
501 2525 554 2591 cui
581 2525 712 2608 quidem
739 2526 785 2590 sic
812 2525 876 2590 fuit
903 2525 1043 2611 deditus,
1075 2529 1113 2590 ut
1141 2527 1217 2591 adu·

208 2617 333 2679 lescens
357 2615 487 2678 tristem
507 2635 545 2679 ac
564 2635 710 2678 severum
729 2633 838 2678 senem
857 2613 1006 2678 omnibus
1025 2615 1216 2697 aequalibus

210 2703 277 2767 suis
300 2703 335 2765 in
356 2700 580 2772 familiaritate
617 2704 854 2787 anteposuerit;
881 2724 985 2785 neque
1014 2704 1104 2787 prius
1142 2725 1218 2767 eum

210 2813 231 2855 a
253 2811 287 2855 se
311 2789 448 2872 dimisit,
472 2811 569 2872 quam
592 2789 626 2853 in
648 2789 804 2854 doctrinis
828 2792 921 2854 tanto
945 2792 1121 2854 antecessit
1144 2812 1218 2856 con·

211 2878 396 2962 discipulos,
417 2881 455 2940 ut
473 2876 568 2941 facilc
587 2877 735 2964 intellegi
752 2881 865 2961 posset
883 2876 954 2961 pari
972 2879 1068 2943 modo
1088 2900 1218 2962 supera

175 2985 192 3033 3
211 2973 322 3032 turum
337 2987 448 3031 omnes
463 2965 497 3029 in
511 2965 627 3030 ceteris
643 2966 777 3030 artibus.
809 2968 907 3049 atque
921 2964 1001 3031 hacc
1016 2966 1056 3030 ad
1069 2971 1219 3032 nostram

212 3054 477 3122 consuetudinem
500 3056 577 3118 sunt
599 3054 684 3118 levia
706 3058 740 3117 et
766 3053 877 3137 potius
906 3055 1154 3140 contemnenda,
1185 3058 1219 3120 at

175 3145 247 3208 oin
270 3142 418 3227 Graecia,
445 3142 558 3226 utiquc
586 3142 678 3225 olim,
708 3161 846 3226 magnae
873 3143 961 3206 laudi
985 3146 1085 3207 erant.
1131 3147 1220 3229 post·

212 3254 310 3316 quam
338 3231 481 3316 ephebus
508 3232 559 3295 est
586 3228 692 3294 factus
721 3233 754 3294 et
782 3230 964 3314 palaestrae
987 3231 1063 3296 dare
1087 3253 1221 3316 operam

212 3321 334 3403 coepit,
366 3341 432 3384 non
463 3322 533 3383 tam
560 3317 777 3404 magnitudini
804 3320 923 3384 virium
956 3319 1089 3384 servivit
1122 3341 1221 3403 quam

210 3408 392 3472 velocitati:
424 3407 516 3471 illam
539 3406 626 3471 enim
648 3406 688 3470 ad
712 3406 911 3472 athletarum
937 3429 1046 3492 usum,
1072 3407 1157 3474 hanc
1181 3408 1221 3473 ad

176 3494 292 3557 obelli
316 3495 526 3559 existimabat
550 3494 755 3576 [utilitatem]
785 3496 956 3581 pertinere.
1000 3496 1111 3578 itaque
1135 3519 1221 3561 exer·
