2528 4042
374 171 460 228 xxv.
478 170 636 226 AfflcUS.
664 177 706 226 ar.
726 177 767 225 aa.
1012 170 1076 233 113

72 313 172 379 iussit
203 320 237 380 et
269 337 343 381 cum
371 337 407 380 eo
435 314 471 379 L.
499 313 684 381 Cornelium
710 314 850 379 Balbum
879 313 1076 397 Sextumque

71 401 285 468 Peducaeum.
322 403 382 467 hos
401 408 439 468 ut
461 404 587 468 venisse
609 404 700 486 vidit,
722 403 756 467 in
779 403 924 467 cubitum
946 402 1075 465 innixus
1094 417 1108 467 5

72 489 253 574 ‘quantam'
272 492 379 574 inquit
402 491 524 557 ‘euram
547 492 812 576 diligentiamque
835 491 869 554 in
892 490 1074 554 valetudine

72 600 145 643 mea
169 580 288 644 tuenda
310 579 372 645 hoc
395 584 541 663 tempore
565 580 775 662 adhibuerim,
798 600 871 643 cum
892 599 949 641 vos
973 582 1073 641 testes

69 666 225 751 habeam,
253 667 336 731 nihil
357 689 488 733 neeesse
511 672 561 733 est
583 668 730 751 pluribus
753 667 860 731 verbis
884 687 1075 730 commemo·

70 776 153 820 rare.
200 756 316 838 quibus
345 757 510 839 quoniam,
537 760 575 820 ut
597 777 704 840 spero,
733 755 889 838 satisfeci,
918 775 969 817 me
992 754 1073 816 nihil

69 843 190 927 reliqui
212 843 335 929 fecisse,
359 845 444 927 quod
467 845 508 908 ad
531 844 708 909 sanandum
727 866 777 907 me
795 843 980 926 pertineret,
1003 841 1074 904 reli·

70 953 174 1016 quum
197 934 306 997 estut
328 937 458 1017 egomet
481 931 562 995 mihi
585 932 759 995 consulam.
792 932 825 995 id
843 951 901 995 vos
924 930 1073 1015 ignorare

70 1018 176 1084 nolui:
198 1041 274 1084 nam
292 1020 372 1083 mihi
392 1023 459 1083 stat
477 1020 562 1082 alere
580 1019 730 1083 morbum
749 1020 901 1083 desinere.
934 1039 1071 1101 namque
1092 1036 1107 1082 s

69 1107 121 1172 his
147 1107 260 1172 diebus
284 1107 440 1191 quidquid
467 1107 532 1172 cibi
559 1107 695 1190 sumpsi,
724 1107 772 1170 ita
798 1107 934 1190 produxi
961 1107 1072 1187 vitam,

69 1200 108 1261 ut
135 1196 281 1260 auxerim
308 1195 435 1259 dolores
464 1196 532 1259 sine
561 1216 617 1279 spe
647 1195 770 1259 salutis.
817 1216 914 1277 quare
937 1216 957 1258 a
978 1194 1071 1259 vobis

68 1288 156 1369 peto,
179 1284 322 1367 primum
344 1287 381 1346 ut
405 1283 574 1347 consilium
596 1283 741 1367 probetis
760 1304 876 1367 meum,
900 1283 1012 1347 deinde
1031 1304 1071 1346 ne

69 1371 194 1436 frustra
217 1371 416 1435 dehortando
440 1372 595 1455 impedire
619 1371 797 1437 conemini?

157 1458 230 1524 Hac
253 1461 398 1524 oratione
420 1460 535 1523 habita
553 1463 646 1524 tanta
665 1459 848 1524 constantia
865 1459 953 1524 vocis
972 1463 1069 1542 atquc
1081 1461 1123 1526 22

67 1548 188 1633 vultus,
211 1551 336 1613 utnon
358 1569 397 1611 ex
418 1549 495 1630 rita,
519 1549 575 1611 sed
597 1570 636 1612 ex
658 1548 754 1612 domo
777 1548 811 1610 in
834 1548 964 1611 domum
987 1546 1071 1610 vide-

68 1639 162 1700 retur
183 1636 333 1721 migrare,
357 1657 429 1699 cum
452 1635 581 1718 quidem
603 1633 751 1719 Agrippa
774 1655 846 1697 eum
869 1634 948 1697 fiens
973 1638 1105 1716 atq'uea

70 1722 221 1788 osculans
243 1728 353 1789 oraret
375 1727 472 1806 atque
496 1723 693 1805 obsecraret,
722 1743 762 1786 ne
789 1721 932 1804 id'quod
954 1725 1071 1785 natura

73 1813 202 1894 cogeret
222 1811 291 1895 ipse
311 1832 438 1894 quoque
457 1810 520 1873 sibi
539 1811 741 1893 acceleraret,
768 1813 810 1893 et,
829 1808 981 1892 quoniam
1000 1813 1071 1873 tum

73 1917 197 1980 quoquo
223 1903 335 1983 posset
363 1898 564 1982 temporibus
588 1918 767 1982 superesse,
797 1918 830 1961 so
854 1896 917 1960 sibi
940 1897 1070 1980 suisque

69 1991 262 2070 reservaret,
285 2008 396 2071 preces
420 1986 487 2050 eius
511 1986 674 2051 taciturna
696 2007 755 2050 sua
778 1985 997 2051 obstinatione
1020 1986 1070 2050 de·

66 2073 196 2157 pressit.
242 2075 288 2140 sic
312 2097 385 2140 eum
406 2075 541 2139 biduum
563 2074 635 2139 cibo
659 2095 693 2140 se
716 2074 936 2159 abstinuisset,
960 2073 1104 2140 subitos

67 2160 169 2226 febris
197 2163 334 2227 decessit
361 2163 525 2246 leviorque
549 2163 681 2227 morbus
705 2184 775 2227 esse
799 2162 914 2246 eoepit.
959 2166 1069 2226 tamen

65 2250 272 2334 propositum
298 2251 401 2316 nihilo
430 2251 530 2315 setius
562 2251 688 2334 peregit
719 2251 829 2332 itaque
862 2249 913 2312 die
945 2251 1069 2332 quinto,

65 2342 242 2422 postquam
274 2339 306 2403 id
339 2338 509 2404 consilium
545 2337 679 2420 inierat,
714 2337 818 2419 pridie
846 2337 911 2400 kal.
938 2335 1068 2419 Apriles

66 2424 125 2491 On
147 2425 294 2491 Domitio
318 2425 353 2492 (l.
377 2425 470 2491 Sosio
494 2425 679 2490 consulibus
704 2424 849 2489 decessit.
890 2423 994 2488 elatus
1018 2428 1104 2494 esta

65 2514 101 2578 in
129 2514 291 2598 lecticula,
318 2518 356 2578 ut
382 2515 451 2598 ipse
474 2513 740 2598 praescripserat,
770 2513 837 2576 sine
860 2512 927 2576 ulla
949 2534 1069 2596 pompa

66 2600 203 2685 funeris,
231 2602 462 2668 comitantibus
491 2602 639 2666 omnibus
671 2601 779 2685 bonis,
811 2601 951 2664 maxima
978 2601 1069 2687 vulgi

66 2688 257 2773 frequentia.
296 2691 442 2774 sepultus
466 2693 516 2754 est
538 2689 629 2753 iuxta
647 2689 733 2753 viam
750 2688 892 2773 Appiam
915 2690 956 2753 ad
980 2689 1069 2772 quin-

68 2781 138 2842 tum
160 2778 300 2863 lapidem
322 2780 357 2844 in
380 2780 588 2843 monumento
613 2776 650 2852 Q.
673 2775 814 2863 Caecilii,
837 2778 987 2843 arimculi
1009 2777 1069 2842 sui.
