2528 4042
308 279 311 287 ,
440 215 462 272 1.
484 215 686 272 1111111111.
713 223 774 274 us
1094 221 1115 283 5

111 367 180 425 tam
201 359 385 444 propinquo
408 363 681 446 tamquemagno
703 362 844 444 permoti
865 362 1020 427 auxilium
1042 383 1115 426 nus·

110 469 208 533 quam
230 448 295 512 nisi
319 471 338 512 a
360 447 624 514 Lacedaemoniis
648 450 834 532 petiverunt
856 449 1115 534 Phidippumque

109 557 276 602 cursorem
303 536 373 601 eius
400 536 540 622 generis,
573 537 630 621 qui
658 537 922 602 hemerodromoe
950 544 1115 621 vocantur,

107 625 385 690 Lacedaemonem
403 625 570 709 miserimt‚
592 628 630 690 ut
646 625 813 690 nuntiaret
832 647 929 708 quam
948 626 1114 690 celerrimo

108 734 192 797 opus
207 733 279 776 esse
295 712 422 776 auxilio.
453 713 541 777 domi
559 718 668 777 autem
682 717 794 778 creant
812 714 922 777 decem
939 717 1114 796 praetores,
1133 732 1150 782 4

109 802 167 887 qui
191 800 347 865 exercitui
368 805 565 884 praeessent,
586 801 622 866 in
639 801 685 865 eis
704 801 894 865 Miltiadem.
928 801 1015 864 inter
1033 822 1113 883 quos
1163 838 1166 845 ‹

109 909 232 975 magne
254 886 317 952 luit
335 889 510 972 contentio,
533 892 644 953 utrum
667 889 835 953 moenibus
857 910 889 955 se
908 889 1114 953 defenderent

111 1000 156 1042 111
178 975 305 1040 obviam
328 976 414 1041 irent
435 976 587 1041 hostibus
614 976 745 1060 acieque
773 977 987 1042 desumerent.
1031 997 1113 1041 unus
1133 994 1149 1045 s

111 1064 275 1128 Miltiades
294 1064 434 1128 maxima
451 1065 627 1149 nitebatur,
644 1068 683 1129 ut
700 1065 805 1149 primo
823 1088 950 1149 quoque
968 1070 1114 1150 tempore

110 1156 218 1218 eastra
239 1152 369 1216 fierent:
392 1152 426 1215 id
448 1153 477 1216 si
499 1152 623 1217 factum
645 1157 745 1237 esset,
768 1157 801 1217 et
824 1155 947 1218 civibus
971 1154 1114 1217 animum

108 1262 326 1324 accessurum,
346 1262 419 1305 oum
438 1240 583 1305 viderent
602 1240 640 1304 de
659 1262 771 1306 eorum
784 1241 905 1306 virtute
923 1264 988 1306 non
1006 1242 1115 1325 despe-

108 1330 187 1413 rari,
210 1332 243 1392 et
264 1328 379 1392 hostes
402 1329 513 1392 eadem
535 1350 570 1393 re
592 1328 662 1394 fore
683 1329 850 1414 tardiores,
873 1330 901 1394 si
920 1330 1115 1394 animadver-

109 1421 218 1481 terent
241 1416 352 1480 auderi
375 1417 527 1480 adversus
551 1438 585 1481 se
608 1420 677 1481 tam
695 1418 820 1504 exiguis
839 1418 941 1502 copiis
960 1418 1115 1482 dimicari.

198 1503 271 1569 Hoc
284 1503 320 1569 in
333 1508 478 1587 tempore
492 1505 583 1570 nulla
596 1506 711 1570 civitas
725 1505 979 1571 Atheniensibus
994 1506 1114 1570 auxilio
1132 1508 1154 1575 5

109 1593 174 1657 fuit
196 1596 327 1676 praeter
345 1592 561 1657 Plataeenses.
594 1594 738 1658 camille
762 1594 853 1658 misit
876 1595 1026 1657 militum.
1055 1594 1114 1657 ita

110 1703 173 1766 que
195 1681 315 1745 horum
336 1680 476 1745 adventu
499 1680 608 1744 decem
627 1681 717 1745 milia
736 1686 935 1745 armatorum
955 1680 1114 1764 completa

109 1773 202 1852 sunt,
231 1789 312 1850 quae
340 1790 453 1832 manus
482 1768 624 1832 mirabili
651 1768 811 1853 flagrabat
838 1768 1002 1854 pugnandi
1029 1769 1114 1851 cupi-

111 1858 225 1920 ditate.
270 1876 332 1939 quo
358 1856 482 1921 factum
511 1861 560 1920 est
586 1860 625 1921 ut
651 1857 724 1940 plus
753 1879 850 1941 quam
878 1857 1020 1942 collegae
1042 1855 1149 1925 Mil-s

113 1945 218 2008 tiades
236 1944 365 2008 valeret.
397 1945 465 2008 eius
485 1966 562 2030 ergo
581 1945 776 2010 auctoritate
794 1945 927 2030 impulsi
940 1945 1115 2009 Athenien-

111 2053 163 2097 ses
192 2031 299 2115 oopias
329 2053 368 2096 ex
394 2034 474 2097 urbe
502 2033 680 2098 eduxerrmt
705 2035 841 2118 locoque
868 2034 983 2099 idoneo
1007 2039 1114 2099 castra

109 2121 266 2185 fecerimt.
306 2120 381 2184 dein
402 2125 534 2204 postero
558 2122 609 2186 die
632 2123 691 2186 sub
715 2123 835 2187 montis
858 2122 1021 2186 radicibus
1045 2122 1149 2190 acies

108 2209 243 2294 regione
273 2208 435 2272 instructa
465 2231 531 2273 non
563 2211 768 2293 apertissima
799 2208 950 2295 (namque
982 2212 1113 2274 arbores

108 2297 224 2361 multis
252 2296 332 2361 locis
360 2301 453 2361 erant
480 2295 585 2383 rarae)
613 2298 772 2380 proelium
795 2299 1026 2362 commiserimt
1052 2297 1115 2361 hoo

109 2384 262 2468 consiliu,
288 2388 326 2448 ut
354 2389 387 2447 et
414 2386 575 2449 montium
603 2386 774 2449 altitudine
801 2388 988 2470 tegerentur
1011 2388 1044 2448 et
1067 2406 1115 2447 ar·

108 2474 228 2537 borum
250 2475 358 2537 tractu
381 2473 546 2555 equitatus
568 2474 713 2537 hostium
733 2471 944 2556 impediretur
963 2472 1016 2550 [ne
1034 2471 1115 2535 mul-

112 2561 251 2624 titudine
275 2561 522 2644 clauderentur}
558 2560 653 2626 Datis
673 2560 736 2625 etsi
757 2581 824 2625 non
846 2581 984 2643 aequum
1006 2561 1150 2629 locumt

114 2648 242 2712 videbat
269 2649 350 2732 suis,
378 2653 486 2714 tamen
511 2649 615 2714 fretus
637 2670 770 2714 numero
795 2649 960 2733 copiarum
984 2671 1113 2714 suarum

113 2736 284 2822 confligere
314 2737 481 2820 cupiebat,
513 2759 614 2821 eoque
643 2738 761 2823 magis,
793 2738 893 2821 quod,
924 2737 1113 2823 priusquam

113 2822 358 2889 Lacedaemonii
386 2825 530 2890 subsidio
557 2826 717 2908 venirent,
745 2825 896 2891 dimicare
924 2826 1004 2890 utile
1032 2826 1114 2890 arhi-

113 2913 271 2977 trabatur.
312 2912 422 2996 itaque
445 2913 480 2977 in
502 2913 604 2978 aeiem
626 2914 772 2998 peditum
796 2917 939 2996 centum,
968 2914 1114 2997 equitum

109 3000 221 3066 decem
245 3000 336 3063 milia
358 3001 512 3084 produxit
533 3003 756 3085 proeliumque
780 3002 951 3067 commisit.
992 3003 1027 3066 in
1050 3023 1113 3084 quo
1133 3018 1149 3067 5

109 3092 204 3152 tanto
232 3088 306 3172 plus
333 3089 454 3153 virtute
482 3091 652 3154 valuerrmt
674 3089 902 3174 Athenienses,
929 3093 967 3154 ut
993 3090 1115 3153 decem·

108 3177 230 3260 plicem
258 3197 428 3240 numerum
459 3177 605 3243 hostium
636 3178 855 3263 profligarint,
887 3179 1029 3260 adeoque
1059 3198 1114 3241 eos

108 3266 365 3348 perterruerimt,
387 3268 424 3327 ut
446 3264 564 3330 Persae
587 3288 653 3330 non
676 3270 796 3349 castra,
820 3266 875 3329 sed
898 3287 994 3329 naves
1017 3265 1115 3349 petie·

108 3353 187 3416 rint.
228 3373 292 3436 qua
318 3373 428 3437 pugna
453 3353 536 3416 nihil
564 3355 668 3418 adhuc
691 3354 818 3418 exstitit
840 3353 997 3417 nobilius:
1025 3354 1116 3417 nulla

109 3440 199 3505 enim
227 3462 382 3524 umquam
411 3443 481 3502 tam
508 3442 624 3527 exigua
653 3463 767 3506 manus
797 3444 906 3505 tantas
937 3462 1015 3526 opes
1044 3463 1116 3526 pro·

109 3527 237 3590 stravit.
