2528 4042
398 186 456 242 ΧΠ.
477 186 665 242 canamus
694 194 771 245 a-r.
937 167 940 174 ’
1047 195 1092 258 45

81 332 211 415 stravit,
234 353 308 396 cum
331 331 395 395 dux
413 331 663 396 Atheniensium
686 337 786 418 esset,
808 335 843 398 in
860 332 1013 421 Aegypto
1033 359 1091 403 sua

81 424 199 505 sponte
236 419 354 505 gessit:
389 441 465 484 nam
501 419 704 485 Nectenebin
742 422 888 487 adiutum
923 424 1089 509 profectus

79 530 220 595 regnum
243 508 273 572 ei
297 507 479 572 constituit
523 507 602 574 fecit
629 509 714 574 idem
738 507 851 595 Cypri,
879 512 934 576 sed
961 515 1124 597 publices

80 599 121 664 ab
137 596 394 662 Atheniensibus
412 595 584 682 Euagorae
603 597 731 663 adiutor
750 597 855 683 datus,
876 621 981 683 neque
999 603 1089 686 prius

79 687 155 752 inde
178 685 345 769 discessit,
369 706 466 767 quam
489 689 595 750 totam
618 686 760 750 insulam
783 687 869 752 bello
893 689 1089 755 devinceret:

80 797 146 860 qua
169 796 208 838 ex
231 797 266 838 re
289 772 505 838 Athenienses
530 794 682 860 magnam
709 774 850 860 gloriam
872 781 949 842 sunt
972 778 1088 862 adepti.

78 863 214 928 interim
240 862 362 926 bellum
389 861 476 926 inter
498 861 681 947 Aegyptios
710 867 743 927 et
765 861 881 930 Persas
913 865 1123 932 conflatuma

80 956 143 1016 est.
173 950 388 1016 Athenienses
409 972 482 1015 cum
500 950 679 1017 Artaxerxe
703 951 893 1018 societatem
915 954 1090 1040 habebant,

81 1039 328 1105 Lacedaemonii
351 1060 425 1103 cum
447 1036 635 1124 Aegyptiis,
659 1061 679 1104 a
701 1041 818 1123 quibus
842 1063 977 1128 magnas
1000 1065 1089 1128 prae·

81 1129 139 1193 das
161 1127 345 1214 Agesilaus,
367 1149 424 1191 rex
447 1148 574 1210 eorum,
597 1126 746 1193 faciebat.
791 1129 825 1192 id
852 1131 982 1196 intuens
1006 1130 1089 1197 Cha·

17 1284 21 1290 2
79 1217 183 1301 brias,
210 1237 284 1281 cum
306 1216 341 1279 in
364 1237 399 1279 re
421 1215 511 1279 nulla
533 1215 689 1300 Agesilao
713 1217 854 1303 cederet,
885 1241 944 1284 sua
971 1224 1088 1304 sponte

80 1327 138 1371 eos
160 1305 307 1370 adiutum
329 1303 495 1387 profectus
518 1302 701 1389 Aegyptiae
725 1306 821 1371 classi
850 1307 1005 1393 praefuit,
1034 1331 1087 1394 pe-

82 1393 243 1458 destribus
266 1393 368 1477 copiis
391 1391 574 1477 Agesilaus.

171 1481 251 1546 Tum
269 1481 426 1565 praefecti
440 1481 526 1566 regis
540 1479 658 1545 Persae
672 1482 799 1567 legatos
814 1485 973 1550 miserunt
986 1485 1087 1552 Athe·
1104 1485 1125 1551 3

81 1592 140 1635 nas
163 1574 322 1654 questum,
345 1569 431 1652 quod
454 1567 612 1635 Chabrias
635 1570 805 1635 adversum
829 1593 941 1658 regem
963 1574 1086 1638 bellum

79 1661 208 1745 gereret
227 1680 300 1723 cum
318 1657 501 1742 Aegyptiis.
527 1657 744 1723 Athenienses
763 1658 848 1723 diem
868 1665 991 1725 certam
1005 1660 1086 1727 Cha-

78 1748 169 1812 briae
191 1747 458 1830 praestituerunt,
482 1767 578 1828 quam
602 1749 677 1808 ante
700 1745 832 1810 domum
853 1748 917 1812 nisi
940 1748 1087 1833 redisset,

79 1835 197 1920 capitis
226 1857 260 1900 se
286 1834 382 1899 illum
411 1835 621 1898 damnaturos
652 1833 892 1900 denuntiarunt.
936 1836 999 1901 hoc
1029 1837 1085 1901 ille

76 1925 194 1989 nuntio
218 1923 364 1988 Athenas
387 1923 493 2006 rediit,
515 1942 619 2006 neque
641 1921 689 1986 ibi
712 1922 833 1988 diutius
857 1928 907 1989 est
929 1929 1086 2011 moratus,

78 2035 177 2096 quam
200 2011 264 2076 fuit
286 2032 426 2076 necesse.
465 2033 531 2076 non
554 2010 640 2076 enim
662 2011 802 2076 libenter
824 2016 895 2077 erat
917 2017 993 2078 ante
1012 2029 1120 2079 ocu-2

76 2102 128 2166 los
152 2123 285 2166 suorum
308 2100 436 2184 civium,
459 2100 544 2183 quod
567 2104 601 2164 et
624 2099 754 2164 vivebat
776 2101 865 2166 laute
889 2107 922 2166 et
939 2102 1084 2188 indulge

76 2191 136 2254 bat
169 2190 233 2254 sibi
263 2188 444 2272 liberalius,
477 2210 574 2272 quam
601 2191 638 2252 ut
667 2188 822 2252 invidiam
850 2191 940 2275 vulgi
971 2195 1084 2275 posset

77 2278 228 2364 effugere.
260 2281 311 2342 est
325 2277 411 2341 enim
424 2276 487 2340 hoc
501 2297 671 2340 commune
685 2277 801 2340 vitium
816 2279 943 2362 magnis
958 2279 1118 2342 liberis-o
1248 2300 1251 2306 ·

77 2388 140 2450 que
160 2366 357 2449 civitatibus,
375 2369 413 2429 ut
430 2365 551 2428 invidia
570 2363 694 2450 gloriae
709 2385 816 2428 comes
831 2366 875 2428 sit
894 2369 927 2428 et
944 2365 1084 2428 libenter

77 2457 116 2522 de
139 2455 181 2520 iis
205 2454 391 2537 detrahant,
420 2474 500 2536 quos
524 2453 666 2516 eminere
688 2451 819 2516 videant
842 2452 953 2536 altius,
979 2474 1083 2535 neque

77 2543 186 2609 animo
206 2565 308 2626 aequo
331 2563 488 2626 pauperes
507 2540 645 2605 alienam
665 2539 865 2624 opulentiam
886 2541 1083 2606 intueantur.

75 2633 188 2716 itaque
212 2630 383 2715 Chabrias,
412 2629 518 2712 quoad
541 2630 570 2694 ei
598 2628 730 2712 licebat,
757 2628 934 2713 plurimum
961 2631 1082 2696 aberat.

76 2743 180 2805 neque
210 2742 286 2785 vero
320 2720 408 2784 solus
441 2719 496 2782 ille
529 2718 643 2782 aberat
670 2717 808 2782 Athenis
841 2717 994 2804 libenter,
1026 2720 1116 2784 sede

78 2830 188 2875 omnes
211 2808 279 2873 fere
301 2807 464 2892 principes
487 2806 634 2871 fecemmt
657 2806 755 2891 idem,
786 2807 871 2890 quod
894 2811 1023 2871 tantum
1047 2829 1081 2872 se

77 2899 118 2962 ab
145 2898 267 2963 invidia
293 2897 455 2980 putabant
482 2895 643 2979 elaturos,
674 2898 831 2977 quantum
859 2917 878 2959 a
906 2899 1081 2978 conspectu

75 3008 209 3052 suorum
241 2985 442 3049 recesserint.
486 2984 597 3067 itaque
627 2982 741 3049 Conon
771 2983 947 3066 plurimum
981 2981 1081 3066 Cypri

73 3076 166 3160 vixit,
188 3074 369 3157 Iphicrates
393 3072 428 3134 in
441 3069 607 3153 Thraecia,
625 3069 815 3133 Timotheus
828 3067 935 3154 Lesbi,
959 3069 1080 3136 Chares

75 3163 180 3250 Sigei,
212 3160 379 3226 dissimilis
408 3159 538 3244 quidem
564 3157 685 3224 Chares
717 3158 834 3222 horum
862 3162 895 3222 et
921 3158 1018 3222 factis
1047 3163 1081 3223 et

74 3253 234 3335 moribus,
262 3249 318 3314 sed
344 3252 455 3313 tamen
477 3247 615 3312 Athenis
640 3251 673 3312 et
695 3248 873 3311 honoratus
898 3250 931 3310 et
953 3251 1079 3329 potens.

164 3339 323 3406 Chabrias
353 3341 463 3401 autem
493 3337 591 3419 periit
623 3336 709 3400 bello
741 3334 854 3398 sociali
885 3333 946 3397 tali
974 3335 1118 3400 modo.4

73 3430 309 3516 oppugnabant
327 3425 544 3490 Athenienses
563 3423 689 3490 Chium
727 3427 797 3487 erat
819 3422 854 3485 in
877 3423 980 3486 classe
999 3421 1080 3489 Cha·

69 3518 163 3584 *brias
190 3518 352 3602 privatus,
382 3514 438 3579 sed
462 3533 586 3597 omnes,
617 3513 672 3594 qui
699 3512 733 3575 in
760 3511 956 3596 magistratu
979 3517 1080 3598 crant,
