2528 4042
342 162 644 220 vuilhelmus
675 170 700 220 a.
719 171 743 220 a.
1004 167 1048 232 29
1079 122 1082 129 ⁵

81 309 271 374 nflicturum
299 312 356 373 aut
378 308 501 373 bellum
524 309 787 392 compositurum.
832 310 865 375 id
889 310 951 375 etsi
974 326 1083 377 verca

81 402 167 464 ctum
188 397 352 462 Philocles
375 397 660 481 animadvertebat,
683 402 793 461 tamen
814 400 981 481 postulata
1002 398 1049 464 fa·

82 508 117 552 re
138 486 253 569 noluit,
277 485 363 569 quod
387 485 548 549 sentiebat
571 507 605 549 se
629 484 797 550 Alcibiade
824 491 954 570 recepto
979 489 1048 553 nul·

81 597 107 640 rs
131 573 288 639 momenti
311 573 396 656 apud
418 573 595 641 exercitum
616 573 763 638 futurum
786 577 828 658 et,
851 575 879 637 si
903 575 980 656 quid
1003 597 1049 641 se·

81 663 139 728 ndi
168 661 341 745 evenisset,
367 661 490 724 nullam
517 661 551 725 in
574 683 612 725 ea
634 682 668 725 re
697 683 789 726 suam
815 665 942 745 partem
969 661 1048 749 fere,

81 755 160 816 ntra
188 772 240 832 ea,
268 749 295 814 si
321 748 398 832 quid
426 749 551 813 adversi
578 749 761 833 accidisset,
791 771 824 814 se
851 771 951 814 unum
979 751 1047 815 eius

81 838 158 904 licti
189 837 333 902 laturum
364 857 463 901 reum.
508 837 549 901 ab
577 837 641 902 hoc
668 838 833 903 discedens
862 836 1083 903 Alcibiadess
1170 894 1175 903 .

81 923 225 992 uoniam’
243 925 349 1009 inquit
367 924 532 989 ‘victoriae
551 926 675 1008 patriae
694 947 864 1012 repugnas,
882 925 963 990 illud
981 947 1048 991 mo·

81 1036 120 1099 co,
137 1034 175 1078 uc
190 1013 280 1078 iuxta
296 1013 425 1078 hostem
444 1017 551 1078 castra
567 1014 688 1077 habeas
705 1014 849 1079 nautica:
869 1013 1048 1099 periculum

84 1107 99 1167 t
125 1101 221 1186 enim,
247 1122 288 1166 nc
310 1100 516 1166 immodestia
543 1101 684 1166 militum
711 1107 893 1167 vestrorum
920 1103 1047 1169 occasio

81 1194 139 1256 tur
164 1188 332 1273 Lysandro
362 1189 464 1253 vestri
492 1189 692 1272 opprimendi
719 1190 899 1255 exercitus'.
944 1206 1083 1276 nequae

103 1299 156 1343 res
178 1277 273 1342 illum
295 1275 420 1341 fefellit.
465 1299 541 1341 nam
563 1276 741 1362 Lysander,
764 1300 837 1343 cum
859 1301 917 1363 per
940 1301 1049 1364 specu-

81 1371 167 1431 borcs
194 1365 406 1449 comperisset
433 1366 567 1450 vulgum
589 1365 838 1432 Atheniensium
866 1368 901 1431 in
928 1372 1049 1432 terram

81 1455 235 1520 aedatum
253 1453 357 1518 exisse
374 1473 535 1536 navesque
553 1475 653 1537 paene
676 1455 787 1519 inanes
808 1455 948 1540 relictas,
970 1461 1049 1520 tem-

81 1563 108 1607 rs
134 1542 181 1607 rei
208 1541 366 1627 gerendae
392 1562 459 1606 non
488 1541 613 1605 dimisit
640 1563 740 1625 eoque
772 1544 896 1627 impetu
927 1544 1049 1608 bellurn

81 1635 152 1695 tum
176 1629 305 1695 delevit.

132 1717 180 1783 At
197 1717 392 1802 Alcibiades,
410 1717 505 1782 victis
520 1715 774 1782 Atheniensibus
792 1739 859 1782 non
877 1720 957 1782 satis
977 1723 1050 1783 tuta
1067 1718 1088 1782 9

81 1807 159 1871 dem
183 1806 256 1872 loca
283 1806 347 1870 sibi
374 1805 550 1889 arbitrans,
578 1806 709 1889 penitus
736 1805 771 1869 in
796 1805 987 1870 Thraeciam
1015 1828 1049 1870 se

81 1916 149 1978 ipra
164 1892 394 1978 Propontidem
413 1893 545 1977 abdidit,
568 1914 701 1977 sperans
719 1893 766 1957 ibi
784 1893 938 1959 facillime
958 1916 1049 1958 suam

81 1985 213 2046 *rtuuam
226 1982 330 2048 occuli
347 2003 452 2065 posse.
478 1981 570 2046 falso.
599 2004 675 2046 nam
688 1981 857 2068 Thraeces,
874 1987 1049 2067 postquam
1067 1997 1083 2047 2

81 2092 122 2135 rm
149 2091 221 2136 com
248 2091 367 2155 magna
392 2070 529 2154 pecunia
555 2071 681 2136 venisse
705 2075 886 2156 sensenmt,
915 2071 1048 2136 insidias

81 2163 193 2224 cerunt
228 2180 329 2242 eaque
361 2179 442 2241 quae
474 2162 664 2242 apportarat
694 2159 911 2244 abstulerunt,
942 2160 1049 2243 ipsum

81 2268 161 2331 pere
183 2268 250 2311 non
271 2250 456 2330 potuerunt.
490 2247 546 2310 ille
566 2268 697 2311 cernens
714 2247 841 2311 nullum
859 2248 967 2312 locum
986 2247 1050 2311 sibi
1067 2261 1084 2311 a

82 2339 156 2400 tum
182 2335 218 2399 in
245 2333 381 2399 Graecia
411 2337 545 2417 propter
576 2334 757 2417 potentiam
783 2333 1049 2398 Lacedaemonio-

81 2445 120 2487 m
137 2422 178 2488 sd
196 2421 442 2487 Pharnabazum
460 2422 494 2486 in
506 2421 621 2509 Asiam
639 2421 783 2505 transiit,
806 2442 901 2506 quern
920 2421 1050 2504 quidem

81 2511 127 2576 leo
149 2533 209 2576 sua
231 2511 318 2594 cepit
339 2511 554 2593 humanitate,
576 2514 614 2573 ut
636 2531 709 2574 eum
730 2530 825 2574 nemo
849 2509 884 2572 in
905 2509 1050 2574 amicitia

81 2600 259 2664 rtecederet.
292 2619 431 2681 namque
454 2598 484 2662 ei
507 2596 665 2680 Grynium
687 2597 827 2681 dederat,
848 2597 883 2662 in
904 2596 1050 2683 Phrygia

81 2690 200 2772 strum,
223 2709 262 2752 ex
285 2708 349 2770 quo
372 2687 599 2770 quinquagena
619 2686 742 2750 talenta
759 2685 929 2772 vectigalis
948 2687 1050 2770 capie-

81 2778 116 2839 rt
148 2796 212 2859 qua
229 2775 361 2839 fortuna
377 2774 562 2838 Alcibiades
584 2795 650 2839 non
668 2778 738 2838 erat
756 2779 928 2839 conantes
945 2796 1049 2858 neque
1067 2789 1085 2839 4

81 2862 194 2929 thenas
226 2863 329 2928 victas
361 2861 621 2928 Lacedaemoniis
655 2863 774 2927 servire
807 2866 937 2947 poterat
970 2863 1048 2946 pati.

81 2972 158 3035 aque
187 2951 229 3016 ad
257 2951 397 3035 patriam
426 2951 624 3015 liberandam
652 2951 740 3016 omni
770 2950 936 3015 ferebatur
963 2950 1049 3034 cogi·

81 3040 181 3105 tione.
227 3039 283 3104 sed
310 3039 441 3104 videbat
472 3039 505 3103 id
532 3040 602 3103 sine
630 3059 705 3124 rege
732 3037 830 3103 Perse
857 3060 922 3107 non
953 3053 1083 3121 posses

81 3129 126 3212 cri,
147 3128 285 3210 ideoque
308 3149 380 3192 eum
399 3127 537 3192 amicum
556 3127 619 3191 sibi
637 3126 787 3211 cupiebat
801 3125 932 3211 adiungi
945 3146 1048 3208 neque

81 3216 220 3282 rbitabat
241 3215 336 3281 facile
359 3236 393 3279 se
421 3219 680 3299 consecuturum,
710 3216 738 3279 si
767 3214 862 3278 modo
886 3214 954 3278 eius
977 3234 1049 3278 con-

81 3304 200 3370 ariundi
213 3304 382 3368 habuisset
399 3308 604 3386 potestatem.
637 3325 713 3368 nam
728 3300 849 3385 Cyrum
866 3301 1001 3365 fratrem
1019 3301 1049 3365 ei

81 3393 170 3457 cllum
184 3392 268 3458 clam
280 3413 394 3476 parare
403 3389 664 3457 Lacedaemoniis
677 3390 901 3455 adiuvantibus
912 3389 1048 3453 sciebat:

98 3480 129 3546 si
147 3481 335 3566 aperuisset,
354 3499 505 3565 magnam
524 3501 558 3545 se
576 3480 733 3545 initurum
751 3477 892 3564 gratiam
909 3477 1049 3543 ridebat.
