2528 4042
503 218 536 274 V.
554 217 678 274 CIMON.
706 224 731 275 4.
1072 220 1113 283 21

113 330 196 433 cum
211 364 431 449 compluribus
455 363 536 428 locis
558 364 689 448 praedia
710 362 887 446 hortosque
909 365 1057 450 haberet,
1078 368 1117 430 ut

112 474 289 538 numquam
315 453 351 517 in
378 451 424 516 eis
452 452 620 516 custodem
645 452 792 536 posuerit
820 451 945 517 fruetus
969 453 1117 519 servandi

112 542 233 630 gratia,
255 562 297 605 ne
321 539 393 624 quis
414 539 639 623 impediretur,
666 540 838 623 quominus
861 540 907 604 eis
930 541 1025 605 rebus
1049 542 1117 625 qui·

110 633 171 696 bus
196 629 337 714 quisque
359 627 456 692 vellet
481 628 651 693 frueretur.
697 649 823 711 semper
851 649 924 692 eum
950 629 1151 711 pedisequis

111 741 186 785 cum
213 715 358 782 nummis
384 720 461 781 sunt
483 717 599 800 secuti,
625 720 677 800 ut,
704 717 732 780 si
755 717 828 800 quis
852 717 922 799 opis
946 716 1014 780 eius
1037 716 1116 779 indi-

111 810 220 894 geret,
242 804 376 869 haberet
398 803 485 887 quod
508 805 621 868 statim
644 804 749 888 daret,
771 826 811 869 ne
835 804 1009 869 differendo
1032 803 1117 867 vide·

111 900 207 960 retur
229 912 353 978 negare.
398 913 503 976 saepe,
526 914 599 957 cum
622 892 763 976 aliquem
787 892 944 958 offensum
966 892 1116 957 fortunae

87 1052 90 1057 ,
114 983 241 1048 rideret
265 981 371 1045 minus
397 980 478 1044 bene
505 980 673 1063 restitum,
701 1002 795 1045 suum
823 982 998 1047 amiculum
1020 980 1116 1044 dedit.

116 1069 247 1136 cottidie
274 1068 322 1134 sic
348 1089 429 1133 cena
455 1068 485 1132 ei
513 1068 724 1152 coquebatur,
755 1073 806 1153 ut,
836 1091 917 1153 quos
948 1070 1151 1137 invocatosa

113 1157 250 1223 vidisset
276 1156 312 1222 in
338 1155 425 1239 foro,
456 1177 567 1220 omnes
595 1157 635 1220 ad
661 1156 696 1220 'se
723 1161 866 1241 vocaret,
898 1158 985 1241 quod
1010 1156 1116 1222 facere

109 1245 200 1311 nullo
219 1245 271 1309 die
289 1244 580 1329 praetermittebat.
612 1244 694 1309 nulli
712 1245 791 1310 fides
809 1246 889 1329 eius,
910 1246 992 1310 nulli
1010 1267 1116 1329 opera,

110 1333 195 1399 nulli
218 1353 271 1398 res
293 1331 465 1397 familiaris
489 1331 605 1397 defuit:
641 1332 762 1398 multos
785 1334 1009 1417 locupletavit,
1032 1355 1116 1398 com-

112 1422 223 1506 plures
244 1442 400 1506 pauperes
424 1422 614 1505 [mortuos],
645 1421 701 1504 qui
727 1422 811 1487 unde
839 1421 1029 1487 efferrentur
1050 1444 1117 1487 non

114 1508 335 1593 reliquissent,
361 1530 420 1574 suo
443 1513 576 1592 sumptu
598 1509 723 1574 extulit.
769 1510 816 1576 sic
839 1532 874 1575 se
896 1510 1036 1596 gerendo
1059 1511 1151 1574 mic

110 1597 197 1662 nime
227 1601 278 1662 est
307 1597 505 1682 macedum,
535 1596 564 1661 si
591 1601 625 1660 et
653 1597 722 1661 vita
751 1598 819 1662 eius
849 1597 913 1662 fuit
944 1619 1057 1662 secura
1083 1601 1116 1659 et

110 1706 200 1751 mors
224 1686 349 1750 acerba.

430 1985 489 2061 VI.
522 1985 787 2061 LYSANDER.

200 2122 366 2209 Lysander
401 2122 673 2190 Lacedaemonius
710 2147 861 2211 magnam
897 2125 1030 2210 reliquit
1066 2126 1155 2192 suil

109 2211 247 2297 famam,
274 2212 380 2298 magis
403 2211 560 2278 felicitate
583 2235 680 2296 quam
703 2214 823 2278 virtute
845 2218 987 2296 partam:
1016 2211 1116 2277 Athe·

109 2302 241 2367 nicnses
263 2300 350 2366 enim
372 2302 517 2366 adamus
538 2300 791 2385 Peloponnesios
817 2300 939 2364 bellum
966 2303 1115 2384 gerentes

112 2393 204 2455 sexto
228 2392 263 2453 et
284 2389 437 2454 vicesimo
461 2411 545 2454 anno
575 2389 751 2454 confecisse
778 2392 927 2472 apparet,
956 2407 1051 2468 neque
1081 2387 1150 2454 ida

114 2497 178 2560 qua
194 2477 321 2541 ratione
339 2482 530 2542 consecutus
554 2477 598 2540 sit
620 2477 716 2540 latet:
738 2475 909 2540 nonenim
926 2474 1046 2539 virtute
1065 2476 1116 2540 sui

115 2565 286 2648 exercitus,
313 2566 370 2630 sed
397 2564 603 2630 immodestia
631 2564 754 2629 factum
777 2567 828 2628 est
850 2563 1116 2649 adversariorum,

115 2651 180 2736 qui,
198 2653 283 2736 quod
301 2653 388 2718 dicto
402 2654 569 2718 audientes
589 2653 839 2736 imperatoribus
855 2653 922 2717 suis
935 2674 1000 2717 non
1015 2657 1116 2737 erant,

114 2739 265 2823 dispalati
287 2741 323 2805 in
341 2742 429 2826 agris
447 2742 570 2806 relictis
588 2741 724 2806 navibus
742 2742 778 2805 in
795 2741 941 2806 hostium
959 2745 1116 2806 venerrmt

110 2830 318 2912 potestatem.
359 2850 422 2912 quo
445 2828 533 2894 facto
557 2828 773 2895 Athenienses
796 2852 830 2895 se
853 2829 1114 2894 Lacedaemoniis

109 2915 311 2981 dediderunt.
352 2917 413 2982 hac
436 2917 573 2982 victoria
595 2916 761 3002 Lysander
783 2919 901 3001 elatus,
924 2940 997 2982 cum
1020 2921 1149 2981 antece

109 3024 238 3088 semper
265 3004 422 3069 factiosus
450 3006 616 3090 audaxque
643 3005 774 3090 fuisset,
806 3007 852 3071 sic
879 3006 943 3070 sibi
971 3005 1115 3090 indulsit,

108 3097 147 3157 ut
169 3092 241 3157 eius
265 3114 364 3176 opera
390 3093 426 3157 in
452 3094 628 3158 maximum
651 3094 760 3158 odium
783 3093 937 3158 Graeciae
960 3092 1115 3157 Lacedae

108 3180 212 3247 monii
239 3180 453 3264 pervenerint.
497 3203 574 3246 nam
597 3204 670 3247 cum
696 3182 779 3247 hanc
807 3203 937 3246 oausam
959 3179 1149 3246 Lacedae-4

109 3267 212 3333 monii
235 3268 442 3334 dictitassent
460 3268 523 3332 sibi
543 3291 612 3335 esse
631 3270 718 3354 belli,
739 3274 778 3334 ut
791 3267 1040 3334 Atheniensium
1057 3268 1115 3332 im-

108 3359 280 3440 potentem
302 3355 556 3420 dominationem
578 3357 804 3444 refringerent,
832 3361 1008 3440 postquam
1030 3358 1115 3440 apud

108 3443 222 3530 Aegos
249 3443 369 3508 flumen
395 3442 561 3528 Lysander
588 3446 701 3510 classis
729 3444 875 3510 hostium
901 3448 951 3508 est
980 3446 1115 3529 potitus,

107 3531 194 3597 nihil
220 3532 310 3596 aliud
336 3533 470 3597 molitus
498 3535 549 3596 est
576 3553 673 3616 quam
699 3538 737 3598 ut
765 3553 875 3598 omnes
903 3532 1051 3599 civitates
1081 3534 1115 3598 in
