2528 4042
182 195 448 253 DISCREPANTIA
466 195 691 251 SCRIPTURAE
710 196 936 253 HALMIANAE.
1009 196 1060 252 VII

58 347 89 405 in
116 365 152 406 ea
177 345 367 422 potissimum
393 345 467 404 urbe
534 347 568 423 4,
593 347 610 403 2
635 342 698 421 eui]
722 345 774 421 qui
842 348 875 424 5,
898 349 919 405 4
941 342 1058 422 tantae]

57 438 143 495 tanta
207 438 236 512 6,
256 437 274 492 2
294 433 381 492 effusi
444 435 473 510 7,
492 435 511 492 3
530 431 627 493 Attici
645 437 747 492 autem
764 433 848 510 quies
866 437 951 494 tanto
971 454 1059 511 opere

57 521 176 583 Caesari
244 523 274 599 8,
300 526 316 580 1
340 521 416 580 illud
438 524 557 596 tempus
580 521 676 581 oecise
700 519 838 597 Caesare,
863 541 922 599 que
989 541 1058 583 eon-

55 612 181 689 tertisse
205 606 387 687 [videretur]
439 611 459 667 4
483 605 646 686 seneque]
669 608 839 686 sedneque
894 612 923 687 9,
947 613 964 668 2
988 630 1057 671 ven·

57 695 208 774 ditabant]
231 697 344 757 dabant
406 695 561 773 4Attieo,
583 715 707 772 sponsor
767 699 815 772 10,
836 700 854 758 3
877 716 995 774 queque
1014 701 1060 758 est

56 786 153 846 Attiei
213 789 233 843 4
252 782 331 861 eius]
350 784 434 844 illius
493 787 511 844 5
531 784 598 844 tait
619 804 715 862 neque
733 786 813 845 enim
827 832 850 846 ..
866 785 972 845 salutis
992 781 1059 860 [sed

58 870 225 948 coniuncti]
292 871 428 933 blande
455 872 552 932 fertur
620 876 675 952 12,
703 874 897 934 3triumvi1i
965 876 1059 951 13‚4

60 963 163 1037 potius
185 961 340 1039 diligentia
362 1003 396 1020 ..
420 962 466 1020 est
487 960 651 1020 industriae
721 964 771 1039 15,
796 967 812 1021 1
836 982 896 1022 non
918 961 1060 1041 liberalis,

63 1049 114 1109 sed
135 1049 209 1110 levis
226 1049 452 1108 arbitrabatur.
467 1096 472 1106 .
487 1067 547 1107 non
563 1051 665 1124 posset
727 1052 745 1108 3
764 1046 879 1126 potest]
897 1053 1016 1126 poterat

62 1140 111 1217 16,
126 1139 144 1198 3
160 1137 341 1197 desiderabit
392 1137 443 1213 18,
458 1138 476 1195 3
492 1137 544 1213 qui
557 1155 575 1195 a
589 1156 706 1214 quoque
721 1140 805 1197 ortus
856 1137 1010 1197 4Claudii
1023 1138 1060 1197 de

57 1225 268 1285 Marcellorum
337 1226 355 1284 5
379 1242 449 1283 nam
470 1223 506 1283 de
529 1225 610 1302 viris,
634 1225 685 1301 qui
751 1226 877 1285 Romani
899 1226 1003 1301 popuii

58 1313 240 1374 eredendum
257 1317 303 1373 est
349 1313 400 1391 20,
420 1314 437 1371 1
458 1310 613 1389 scriberet]
632 1313 766 1374 mitteret
811 1315 830 1374 5
850 1311 1059 1390 [intercedere]
