2528 4042
149 178 194 243 &3
440 177 525 233 XVII.
544 175 752 235 hausurus.
780 189 805 235 1.
824 187 849 235 3.

110 320 136 388 2
236 321 300 388 Η11
337 323 533 409 simulatque
569 322 697 408 imperii
732 325 857 410 potitus
888 329 953 410 est,
988 325 1151 410 persuasit

148 410 414 478 Lacedaemoniis
436 418 475 478 ut
497 433 565 478 cum
588 413 730 478 exercitu
750 435 784 479 se
802 414 969 478 mitterent
986 413 1021 478 in
1034 411 1151 478 Asiam

149 499 336 585 bellumque
365 502 435 589 regi
461 501 617 585 facerent,
646 502 763 566 docens
792 501 894 567 satius
921 523 990 566 esse
1012 502 1048 564 in
1071 499 1150 565 Asia

151 610 250 673 quam
267 589 303 653 in
315 587 448 674 Europa
465 588 617 654 dimicari.
651 609 790 672 namque
812 589 900 654 fama
922 589 1043 655 exierat
1056 587 1151 652 Arta·

150 698 272 743 xerxen
294 699 479 763 comparare
502 676 619 741 classes
637 676 865 760 pedestresque
884 677 1052 761 exercitus,
1071 698 1151 760 quos

116 778 133 827 a
152 766 189 831 in
207 765 376 832 Graeciam
398 765 551 830 mitteret.
586 762 662 827 data
683 768 847 847 potestate
870 770 964 831 tanta
987 765 1151 830 celeritate

153 877 233 922 usus
260 859 324 938 est,
354 858 392 917 ut
418 852 508 936 prius
535 851 570 915 in
591 849 705 916 Asiam
732 873 805 916 cum
832 853 933 936 copiis
961 853 1151 938 pervenerit,

156 965 252 1029 quam
265 941 346 1028 regii
359 943 507 1023 satrapae
521 959 594 1004 eum
608 939 728 1004 scirent
740 939 930 1025 profectum.
950 962 1014 1023 quo
1028 940 1150 1006 factum

118 1048 135 1096 1
154 1038 206 1098 est
226 1035 264 1095 ut
281 1049 391 1093 omnes
409 1028 587 1112 imparatos
604 1028 885 1113 imprudentesque
904 1027 1090 1094 offenderet.
1118 1029 1151 1093 id

154 1124 191 1185 ut
208 1115 360 1204 cognovit
375 1113 615 1200 lissaphernes,
638 1117 694 1200 qui
713 1139 873 1181 summum
890 1117 1063 1201 imperium
1082 1121 1150 1182 turn

153 1208 237 1271 inter
259 1203 438 1289 praefectos
461 1203 604 1268 habebat
625 1204 742 1291 regios,
763 1200 905 1270 indutias
923 1203 1151 1290 1111101111-

154 1293 238 1378 tivit,
261 1292 417 1357 simulans
436 1312 470 1356 se
489 1290 563 1356 darc
583 1312 723 1377 operam,
745 1297 783 1356 ut
796 1291 1058 1358 Lacedaemoniis
1078 1315 1151 1359 cum

154 1402 228 1467 rege
247 1379 440 1463 conveniret,
458 1400 492 1442 re
511 1382 620 1442 autem
632 1400 708 1442 vera
726 1379 766 1442 ad
785 1382 894 1463 copias
910 1381 1152 1465 comparandas,

117 1484 270 1552 deasque
292 1465 479 1551 impetravit
501 1466 712 1531 trimenstres.
745 1466 865 1531 iuravit
883 1472 992 1532 autem
1014 1472 1151 1553 uterquc

153 1578 187 1622 aa
210 1556 279 1620 sine
301 1554 375 1619 dolo
398 1553 539 1618 indutias
558 1556 830 1618 conservaturum.
865 1555 901 1618 in
919 1576 982 1639 qua
999 1555 1152 1637 pactione

153 1664 278 1710 summa
299 1642 361 1707 fide
384 1643 505 1707 mansit
523 1640 707 1730 Agesilaus,
730 1645 843 1707 eontra
864 1663 902 1707 ea
917 1639 1152 1725 'lissaphernes

117 1730 233 1797 anihil
257 1729 344 1796 aliud
363 1752 459 1814 quam
479 1730 601 1795 bellum
615 1731 821 1814 comparavit.
857 1730 890 1795 id
908 1730 971 1794 etsi
989 1729 1153 1795 sentiebat

152 1817 251 1903 Laco,
281 1822 391 1884 tamen
416 1817 637 1884 iusiurandum
660 1820 809 1883 servabat
832 1819 1032 1902 multumque
1055 1817 1090 1880 in
1113 1839 1152 1883 eo

153 1928 187 1971 11
210 1906 363 1991 consequi
389 1906 531 1991 dicebat,
558 1908 643 1988 quod
665 1904 896 1990 Tissaphernes
922 1905 1063 1991 periurio
1092 1926 1151 1971 suo

152 1999 185 2059 et
206 1994 354 2059 homines
377 1995 443 2058 suis
466 1994 562 2058 rebus
586 1994 783 2058 abalienaret
806 1999 840 2058 11
862 1995 938 2059 deos
962 1993 1025 2058 sibi
1047 1993 1150 2058 iratos

152 2080 314 2166 redderet,
346 2102 379 2146 se
411 2085 519 2145 autem
552 2085 740 2145 10111111111
772 2082 928 2168 religione
960 2081 1150 2147 confirmare

153 2170 342 2253 exercitum,
373 2190 448 2234 eum
479 2168 747 2233 animadverteret
778 2170 873 2234 deum
900 2191 1020 2235 numen
1045 2169 1150 2235 facere

153 2278 272 2343 secum,
293 2257 502 2340 hominesque
526 2256 589 2320 sibi
613 2257 782 2323 conciliare
806 2258 983 2343 amiciores,
1006 2258 1092 2341 quod
1110 2259 1149 2322 iis

153 2347 282 2411 studere
311 2349 532 2430 consuessent,
560 2367 640 2428 quos
668 2366 856 2412 conservare
878 2345 975 2412 fidem
996 2345 1149 2411 riderent.

116 2432 138 2497 3
239 2433 419 2518 Postquam
451 2433 647 2498 indutiarum
678 2435 847 2518 praeteriit
878 2434 961 2518 dies,
991 2434 1150 2500 barbarus

151 2543 218 2586 non
240 2521 400 2606 dubitans,
423 2521 509 2604 quod
531 2521 632 2606 ipsius
656 2527 748 2586 erant
769 2523 910 2607 plurima
932 2521 1095 2587 domicilia
1117 2523 1149 2587 in

153 2607 248 2674 01111
270 2613 304 2673 11
325 2631 364 2674 11
385 2609 537 2695 regiola
561 2611 761 2693 temporibus
784 2611 887 2675 multo
909 2610 1087 2694 putabatur
1106 2612 1149 2676 10-

153 2695 382 2780 cupletissima,
404 2717 442 2760 eo
465 2696 670 2780 potissimum
692 2697 804 2763 hostes
822 2699 979 2781 impetum
997 2697 1150 2784 facturos,

117 2799 263 2849 somnes
296 2805 370 2848 suas
398 2783 506 2868 copias
534 2806 572 2849 eo
600 2788 812 2850 contraxerat.
833 2805 834 2809 ’
857 2789 892 2850 11
916 2784 1088 2872 Agesilaus
1116 2787 1149 2851 in

106 2916 107 2923 1
152 2871 328 2959 Phrygiam
352 2893 385 2936 se
409 2873 568 2937 convertit
590 2895 723 2956 eamque
745 2874 835 2957 prius
858 2873 1071 2959 depopulatus
1091 2879 1148 2960 est,

111 2952 115 2973 ²
153 2981 250 3044 quam
263 2959 494 3044 Tissaphernes
513 2981 649 3045 usquam
663 2981 696 3025 se
710 2964 862 3027 moveret.
894 2983 1012 3048 magna
1029 2964 1149 3046 praeda

152 3048 311 3113 militibus
343 3048 549 3133 locupletatis
576 3047 740 3133 Ephesum
766 3049 945 3114 hiematum
973 3052 1148 3116 exercitum

152 3136 280 3202 reduxit
302 3138 399 3220 atque
421 3135 468 3199 ibi
491 3135 628 3201 officinis
651 3157 814 3201 armorum
843 3138 1003 3202 institutis
1031 3161 1149 3226 magna

115 3302 118 3308 Ι
152 3223 312 3290 industria
340 3224 461 3288 bellum
484 3223 660 3308 apparavit.
704 3227 738 3288 ct
761 3247 824 3308 quo
848 3226 1024 3291 studiosius
1047 3249 1148 3293 arma·

152 3316 263 3377 rentur
297 3311 518 3398 insigniusque
550 3315 758 3396 ornarentur,
792 3315 935 3397 praemia
969 3316 1149 3399 proposuit,

153 3400 269 3482 quibus
296 3400 503 3485 donarentur,
532 3420 668 3483 quorum
695 3402 825 3487 egregia
850 3403 885 3466 in
907 3423 945 3465 ea
971 3423 1005 3466 re
1031 3402 1148 3468 fuisset

116 3503 133 3551 1
152 3486 320 3553 industria.
354 3487 432 3553 fecit
449 3487 534 3552 idem
556 3487 591 3551 in
613 3489 878 3555 exercitationum
899 3489 1080 3576 generibus,
1102 3495 1147 3576 ut,
