2528 4042
144 193 186 256 58
420 190 479 246 XV.
499 187 773 244 EPAMINONDAS.
800 195 825 246 4.
844 194 869 245 5.

143 338 250 420 inquit
278 336 372 420 ‘opus
399 335 536 420 pecunia
563 340 626 400 est:
655 357 730 400 nam
758 335 787 399 si
809 357 865 400 rex
890 356 929 398 ea
953 333 1038 417 vult,
1066 353 1151 417 quae

143 425 306 489 Thebanis
330 428 407 489 sunt
428 425 537 509 utilia,
564 424 682 510 gratiis
704 423 811 488 facere
835 444 906 488 sum
927 426 1075 506 paratus,
1098 421 1151 485 sin

143 517 253 578 autern
276 513 452 597 contraria,
478 534 545 577 non
571 513 671 575 habet
694 512 764 576 auri
788 515 885 595 atque
909 510 1035 597 argenti
1058 509 1151 574 satis.

143 624 282 685 namque
306 602 395 666 orbis
419 605 579 665 terrarum
602 599 732 664 divitias
755 601 900 683 accipere
922 599 998 663 nolo
1016 620 1077 681 pro
1095 619 1151 681 pa·

110 691 228 755 striae
252 692 398 756 caritate.
440 693 478 753 tu
500 687 586 771 quod
613 709 663 750 me
690 687 893 773 incognitum
923 687 1058 752 tentasti
1088 685 1151 750 tui·

145 801 207 862 que
231 780 371 844 similem
398 775 606 859 existimasti,
632 797 698 840 non
725 775 827 839 miror
849 775 975 859 tibique
998 775 1151 861 ignosc03

145 869 201 932 sed
229 868 379 953 egredere
405 884 552 948 propere,
583 884 624 927 ne
652 864 733 929 alios
763 885 965 947 corrumpas,
998 885 1071 928 cum
1098 884 1151 927 mo

144 978 210 1021 non
232 953 387 1038 potueris.
432 956 465 1016 et
488 955 538 1036 tu,
564 951 723 1037 Micythe,
752 955 924 1038 argentum
946 951 1023 1017 huic
1045 951 1151 1034 redde,

146 1049 211 1126 aut,
228 1042 293 1106 nisi
310 1040 344 1104 id
358 1039 530 1105 confestim
549 1038 639 1125 facis,
658 1062 718 1127 ego
732 1044 765 1105 te
779 1039 907 1104 tradam
921 1038 1151 1124 magistratui'

110 1133 231 1195 4hunc
257 1127 440 1193 Diomedon
467 1151 541 1194 cum
567 1133 713 1215 rogaret,
739 1132 778 1193 ut
804 1132 877 1194 tuto
905 1128 992 1192 exire
1020 1150 1152 1211 suaque,

146 1239 227 1301 quae
255 1217 424 1301 attulerat,
455 1217 569 1281 liceret
595 1217 721 1301 efferre,
749 1217 849 1283 ‘istud
876 1215 1016 1300 quidem’
1043 1216 1152 1300 inquit

146 1305 284 1390 efaciam,
306 1326 409 1387 neque
432 1308 490 1370 tua
513 1326 617 1388 causa,
640 1305 696 1368 sed
719 1327 800 1387 mea,
821 1327 871 1389 ne,
895 1305 924 1369 si
946 1304 1008 1369 tibi
1032 1305 1076 1369 sit
1098 1327 1152 1388 pe-

145 1393 239 1457 cunia
266 1393 431 1475 adempta,
460 1392 578 1475 aliquis
605 1391 692 1456 dicat
718 1391 816 1456 idad
837 1414 889 1456 mc
912 1398 1059 1476 ereptum
1081 1415 1153 1476 per·

110 1495 126 1543 5
145 1481 280 1564 venisse,
299 1481 386 1564 quod
404 1479 549 1545 delatum
567 1479 711 1564 accipere
728 1478 927 1545 noluissem?
956 1502 976 1543 a
994 1502 1058 1563 quo
1077 1503 1153 1546 cum

146 1570 339 1653 quaesisset,
367 1590 431 1652 quo
460 1591 494 1633 se
521 1567 635 1634 deduci
656 1567 768 1650 vellet,
798 1570 831 1631 et
857 1567 912 1630 ille
934 1565 1083 1632 Athenas
1106 1570 1153 1632 di·

145 1658 261 1742 xisset,
291 1657 489 1742 praesidium
517 1657 617 1741 dedit,
648 1660 686 1720 ut
713 1660 786 1721 tuto
813 1654 1003 1739 perveniret.
1046 1676 1152 1738 neque

146 1770 223 1812 vero
245 1747 279 1810 id
298 1747 379 1811 satis
396 1745 522 1829 habuit,
545 1745 723 1828 sedetiam,
744 1748 782 1809 ut
800 1743 974 1808 inviolatus
987 1743 1023 1806 in
1035 1765 1152 1808 navem

148 1835 341 1918 escenderet,
362 1856 421 1917 per
443 1833 619 1899 Chabriam
641 1832 883 1916 Atheniensem,
905 1831 944 1896 de
967 1852 1031 1916 quo
1054 1853 1154 1915 supra

112 1937 128 1985 o
148 1924 346 1987 mentionem
364 1922 508 2004 fecimus,
528 1921 642 1986 effecit.
679 1921 895 1985 abstinentiae
910 1920 973 1984 erit
990 1919 1052 1984 hoc
1071 1920 1153 1984 satis

147 2010 380 2074 testimonium.
414 2009 555 2091 plurima
574 2009 704 2091 quidem
725 2008 870 2091 proferre
892 2029 1075 2093 possumus,
1097 2008 1154 2073 sed

147 2096 261 2161 modus
295 2096 492 2159 adhibendus
523 2099 586 2179 est,
618 2096 770 2178 quoniam
801 2118 867 2160 uno
897 2095 961 2161 hoc
990 2097 1153 2161 volumine

147 2185 250 2248 vitam
281 2183 507 2248 excellentium
538 2183 683 2248 virorum
715 2183 929 2268 complurium
963 2185 1153 2250 concludere

149 2273 392 2356 constituimus,
424 2293 562 2355 quorum
590 2293 638 2336 res
669 2272 845 2356 separatim
877 2272 989 2338 multis
1021 2273 1153 2339 milibus

148 2384 299 2426 versuum
322 2361 503 2444 complures
526 2360 701 2444 scriptores
724 2364 800 2425 ante
822 2382 882 2426 nos
905 2361 1116 2445 explicarunt.

113 2447 134 2512 5
236 2448 315 2513 Fuit
342 2449 442 2513 etiam
469 2448 622 2533 disertus,
651 2453 689 2514 ut
714 2470 810 2514 nemo
838 2449 868 2514 ci
894 2448 1067 2514 Thebanus
1093 2473 1155 2534 par

149 2541 236 2602 esset
259 2537 460 2621 eloquentia,
481 2558 585 2620 neque
608 2537 714 2602 minus
739 2537 913 2602 concinnus
936 2538 971 2601 in
992 2538 1154 2604 brevitate

113 2639 130 2688 2
148 2624 361 2708 respondendi
376 2647 473 2708 quam
487 2627 522 2689 in
534 2629 693 2708 perpetua
706 2625 852 2690 oratione
866 2629 1008 2690 ornatus.
1038 2626 1155 2692 habuit

150 2713 404 2777 obtrectatorem
430 2711 631 2777 Menecliden
659 2714 831 2797 quendam,
860 2713 1001 2777 indidem
1023 2714 1155 2801 Thebis,

149 2805 183 2866 et
197 2800 415 2865 adversarium
433 2801 468 2863 in
481 2801 742 2866 administranda·
754 2822 788 2865 re
806 2801 945 2885 publica,
968 2803 1049 2866 satis
1068 2826 1156 2869 exer·

150 2888 286 2954 citatum
317 2888 352 2951 in
383 2888 531 2972 dicendo,
561 2894 599 2953 ut
625 2888 814 2954 Thebanum
842 2889 979 2954 scilicet:
1015 2913 1155 2977 namquo

115 2993 131 3041 3
149 2977 199 3041 illi
222 2976 312 3063 genti
334 2977 408 3060 plus
431 2976 518 3042 inest
540 2977 658 3042 virium
677 2999 774 3060 quam
796 2978 928 3062 ingenii.
964 2980 992 3043 is
1012 2981 1098 3063 quod
1121 2981 1156 3046 in

149 3087 184 3129 re
207 3065 342 3130 militari
365 3064 480 3129 florere
502 3064 762 3149 Epaminondam
784 3065 928 3152 videbat,
956 3068 1084 3133 hortari
1107 3091 1156 3135 so·

149 3155 239 3218 lebat
261 3152 442 3236 Thebanos,
464 3157 501 3217 ut
523 3175 636 3237 pacem
659 3153 745 3217 bello
769 3154 980 3239 anteferrent,
1002 3178 1043 3220 ne
1066 3157 1156 3224 illius

149 3241 357 3325 imperatoris
380 3263 478 3326 opera
505 3241 749 3306 desideraretur.
793 3241 870 3308 huic
896 3243 952 3308 ille
975 3236 1097 3310 ‘fallis'
1110 3247 1157 3311 in-

151 3330 223 3412 quit
246 3329 357 3394 ‘verbo
380 3329 466 3394 cives
489 3333 573 3411 tuos,
597 3328 683 3412 quod
705 3351 760 3394 eos
784 3352 803 3394 a
825 3331 912 3396 bello
935 3353 1065 3398 avocas:
1096 3335 1157 3400 otii

115 3417 236 3480 eenim
262 3417 393 3482 nomine
421 3417 611 3482 servitutem
639 3417 801 3483 concilias.
845 3441 922 3484 nam
943 3421 1072 3503 paritur
1093 3446 1157 3508 pax

150 3505 246 3570 bello.
291 3506 402 3590 itaque
426 3506 481 3590 qui
505 3527 542 3569 ea
565 3505 690 3570 diutina
713 3507 827 3572 volunt
853 3507 931 3588 frui,
960 3507 1046 3576 bello
1070 3534 1158 3578 exer·
