2528 4042
222 165 265 228 20
579 153 613 207 v.
634 151 756 206 1111111.
784 158 861 206 2-4.

220 296 824 457 llltlhhpltltallllll
856 317 957 448 “lul
983 297 1102 449 llll
1128 297 1221 469 ili

220 482 305 543 solor
331 474 417 558 apud
438 472 586 557 Mycalen
609 469 803 554 Cypriorum
826 475 859 536 et
881 471 1078 537 Phoenicum
1106 473 1215 539 ducen-

185 570 328 633 sterum
353 561 484 627 novium
511 560 646 624 classem
673 559 833 623 devictam
861 560 948 642 cepit
970 561 1146 644 eodemque
1170 563 1221 628 die

220 652 291 737 puri
313 650 445 715 fortuna
465 649 500 711 in
522 651 610 711 terra
631 667 709 711 usus
732 650 791 711 est
835 668 973 731 namque
997 648 1144 713 hostium
1166 672 1222 715 na·

221 740 315 805 vibus
336 736 440 822 captis
463 735 576 799 statim
598 757 637 800 ex
660 734 762 799 classe
784 735 894 818 copias
917 756 991 800 suas
1014 736 1126 801 eduxit
1148 739 1221 803 bar·

221 830 434 908 tutorumque
465 823 640 887 maximam
662 823 730 886 vim
751 844 815 887 uno
843 844 1001 888 concursu
1030 828 1221 908 prostravit.

183 922 284 1001 Aqua
310 912 447 977 victoria
472 931 591 996 magna
616 911 736 995 praeda
760 911 887 994 potitus
915 933 989 976 oum
1016 911 1147 978 domum
1173 936 1222 979 re

219 1003 410 1082 verteretur,
439 999 525 1082 quod
547 999 613 1062 iam
635 998 808 1063 nonnullae
831 999 955 1063 insulae
977 1005 1111 1085 propter
1135 1024 1222 1068 acer·

218 1089 356 1153 bitatem
373 1087 501 1170 imperii
519 1086 709 1170 defecerant,
727 1087 808 1151 bene
827 1088 986 1151 animatas
1005 1089 1221 1177 confirmavit,

183 1176 374 1241 balienatas
398 1175 438 1238 ad
460 1174 604 1239 officium
622 1160 726 1238 redire
744 1175 860 1260 coligit.
895 1173 1040 1260 Scyrum,
1063 1198 1163 1260 quam
1180 1200 1220 1245 eo

217 1268 363 1347 tompore
377 1262 520 1347 Dolopes
538 1262 732 1346 incolebant,
750 1263 837 1346 quod
855 1264 1076 1329 contumacius
1095 1287 1131 1330 so
1150 1287 1220 1353 ges·

217 1355 341 1435 serant,
362 1350 552 1434 vacuefecit,
574 1372 777 1434 possessores
800 1354 923 1416 veteres
946 1352 1026 1416 urbe
1048 1353 1219 1439 insulaque

218 1440 321 1522 eiecit,
344 1459 440 1524 agros
464 1439 588 1504 civibus
611 1438 729 1504 divisit.
765 1438 903 1503 Thasios
926 1440 1092 1523 opulentia
1113 1441 1218 1509 fretos

218 1549 276 1592 suo
300 1527 440 1591 adventu
462 1526 569 1612 fregit.
604 1525 657 1590 his
679 1547 718 1591 ex
741 1527 902 1591 manubiis
926 1548 983 1591 arx
1004 1527 1218 1618 Athenarum,

218 1637 282 1699 qua
304 1615 345 1678 ad
367 1614 533 1679 meridiem
555 1615 672 1700 vergit,
694 1618 744 1679 est
767 1619 889 1679 omata.

181 1697 203 1761 3
305 1703 429 1779 Quibus
457 1704 553 1768 rebus
581 1724 655 1767 oum
682 1725 765 1767 unns
787 1703 822 1767 in
845 1703 976 1768 civitate
1000 1704 1133 1769 maxime
1155 1705 1215 1770 flo-

216 1794 315 1875 reret,
346 1791 460 1856 incidit
490 1792 526 1854 in
552 1791 685 1856 eandem
713 1791 867 1855 invidiam
890 1812 988 1874 quarn
1016 1796 1107 1877 pater
1134 1813 1212 1859 suus

216 1880 379 1962 ceterique
401 1879 650 1944 Atheniensium
671 1879 846 1962 principes:
872 1902 948 1943 nam
970 1885 1129 1946 testarum
1151 1881 1217 1947 suf-

215 1967 329 2051 fragiis
354 1966 455 2050 [quod
476 1967 526 2029 illi
548 1966 752 2045 desponendo
771 1971 901 2048 vocant]
926 1968 1036 2033 decem
1058 1990 1219 2035 annorum

181 2063 197 2113 2
217 2054 313 2118 exilio
337 2054 495 2118 multatus
519 2057 578 2118 est.
622 2054 712 2118 ouius
740 2053 820 2118 facti
842 2055 977 2120 celerius
999 2056 1218 2124 Athenienses

217 2164 314 2225 quam
336 2142 444 2225 ipsum
465 2141 635 2225 paenituit.
670 2163 747 2205 nam
764 2164 838 2207 cum
860 2143 915 2207 ille
938 2144 1045 2209 animo
1068 2144 1149 2210 forti
1171 2147 1219 2212 in·

216 2230 320 2294 vidiae
351 2230 554 2316 ingratorum
581 2229 700 2294 civium
726 2230 877 2296 cessisset
908 2232 1092 2317 bellumque
1120 2232 1219 2300 Lace·

217 2318 377 2384 daemonii
404 2317 658 2384 Atheniensibus
686 2318 891 2404 indixissent,
920 2319 1092 2385 confestim
1118 2327 1218 2389 notae

180 2407 284 2471 seins
306 2407 438 2471 virtutis
461 2406 653 2470 desiderium
676 2411 884 2472 consecutum
906 2412 964 2472 est.
1004 2409 1115 2493 itaque
1138 2416 1219 2496 post

215 2517 335 2559 annum
357 2496 520 2578 quintum,
543 2516 642 2582 quam
663 2495 815 2578 expulsus
839 2500 922 2580 erat,
948 2496 983 2561 in
1004 2497 1147 2580 patriam
1170 2520 1218 2564 re·

214 2587 349 2647 vocatus
381 2586 440 2646 est.
486 2582 559 2666 ille,
596 2583 681 2665 qnod
711 2583 855 2667 hospitio
887 2582 1218 2652 Lacedaemoniorum

214 2670 377 2753 utebatur,
400 2670 503 2735 satius
521 2669 710 2735 existimans
730 2670 878 2738 61111111
894 2673 1029 2738 ciuitates
1045 2674 1082 2738 dc
1098 2679 1218 2741 contro·

214 2759 321 2822 ceals
342 2759 408 2823 suis
428 2759 509 2823 inter
530 2778 562 2823 sc
581 2759 650 2822 iure
670 2760 836 2841 disceptare
856 2779 951 2842 quum
967 2761 1066 2826 armis
1084 2767 1218 2828 conten·

215 2846 298 2929 dere,
319 2845 592 2910 Lacedaemonem
614 2868 674 2910 sua
695 2851 811 2931 sponte
834 2851 885 2912 cst
906 2848 1071 2931 profectus
1088 2872 1218 2934 paoem-

121 3000 124 3005 ,
179 2944 276 3017 sque
295 2934 380 2998 inter
399 2935 478 2999 duas
491 2935 736 3019 potentissimas
751 2935 899 3000 civitates
913 2937 1106 3002 conciliavit.
1129 2944 1217 3025 post,

213 3044 317 3105 neque
343 3023 391 3086 ita
417 3023 535 3107 multo,
565 3021 709 3107 Cyprum
731 3044 805 3086 cnm
827 3023 972 3088 ducentis
995 3025 1133 3091 navibus
1157 3028 1217 3093 im·

213 3114 344 3195 perator
375 3111 506 3195 missus,
538 3133 611 3175 cum
643 3111 711 3175 eius
743 3110 898 3176 maiorem
929 3117 1057 3196 partam
1088 3114 1216 3182 insulae

213 3199 392 3283 devicisset,
409 3200 444 3263 in
462 3199 611 3264 morbum
629 3198 807 3282 implicitus
825 3198 860 3263 in
878 3202 1079 3284 olpsspnuado
1093 3205 1215 3288 oppido

214 3285 300 3352 Citio
323 3291 374 3351 est
396 3292 553 3352 mortuus.

177 3369 201 3434 4
300 3373 395 3441 Hunc
412 3375 628 3440 Athenienses
645 3395 712 3439 non
734 3375 840 3440 solum
862 3377 897 3441 in
918 3376 1014 3460 bello,
1037 3378 1215 3447 sedetiam

213 3462 248 3526 in
264 3485 342 3548 pace
356 3464 411 3529 diu
423 3464 693 3528 desideravenmt.
724 3462 788 3529 fuit
801 3465 887 3529 enirn
900 3467 993 3529 tanta
1006 3465 1216 3554 liberalitate,
