2528 4042
151 178 195 243 34
512 177 556 233 IX.
576 177 708 236 CONON.
739 185 763 234 1.
778 187 802 237 2.

521 362 581 436 IX.
611 362 781 435 OONON.

115 501 133 564 1
239 498 353 566 Conon
370 499 579 565 Atheniensis
598 499 834 582 Peloponnesio
852 500 939 566 bello
958 502 1096 566 accessit
1116 505 1156 568 ad

151 610 221 653 rem
242 588 447 672 publicam,
437 610 473 650 m
495 609 596 670 eoque
619 587 688 651 eius
712 609 811 672 opera
833 589 943 676 magni
965 589 1036 654 fuit.
1078 613 1156 656 nam

151 681 184 740 et
215 682 347 761 praetor
377 676 581 760 pedestribus
609 675 803 740 exercitibus
831 677 973 760 praefuit
1002 682 1035 743 et
1064 701 1156 763 prae·

151 764 255 830 fectus
279 765 391 830 classis
415 784 550 848 magnas
569 763 651 827 mari
664 784 713 829 res
726 765 837 849 gessit
874 787 954 849 quas
974 767 1015 832 ob
1040 788 1155 833 causas

150 853 340 939 praecipuus
370 851 400 916 ei
431 851 535 916 honos
566 851 698 917 habitus
729 855 787 916 est
831 875 970 937 namque
1003 855 1155 922 omnibus

150 963 232 1006 unus
259 940 374 1005 insulis
401 939 592 1025 praefuit,
583 963 618 1004 m
641 963 704 1025 qua
725 944 889 1024 potestate
913 940 1035 1008 Pheras
1059 945 1157 1030 cepit,

113 1046 131 1093 1
151 1027 310 1094 coloniam
328 991 665 1094 Lacedaemoniorum.
697 1029 760 1093 fuit
779 1029 879 1094 etiam
898 1034 1041 1095 extremo
1062 1031 1155 1098 Pelo·

148 1117 303 1201 pennesio
322 1117 407 1181 bello
427 1121 567 1202 praetor,
586 1139 659 1182 cum
678 1118 762 1201 apud
775 1116 885 1204 Aegos
904 1118 1024 1183 flumen
1040 1121 1155 1205 copiae

149 1204 397 1269 Atheniensium
425 1206 465 1269 ab
493 1205 660 1289 Lysandro
693 1210 769 1270 sunt
801 1206 953 1272 devictae
998 1208 1054 1272 sed
1081 1213 1154 1274 tum

149 1290 232 1356 afuit
232 1314 360 1376 ,eoque
375 1293 466 1376 peius
481 1314 532 1356 res
546 1292 774 1357 administrata
787 1298 851 1358 111.
873 1317 950 1360 nam
964 1300 997 1360 et
1010 1297 1153 1379 prudens

113 1395 129 1444 1
148 1381 195 1444 111
214 1343 365 1444 1111111111
384 1385 418 1445 11
436 1379 573 1466 diligens
592 1384 663 1444 erat
679 1380 867 1464 imperator.
899 1384 1011 1466 itaque
1029 1386 1153 1452 nemim

148 1472 217 1532 erat
240 1468 280 1532 111
304 1468 505 1552 temporibus
528 1468 674 1552 dubium,
698 1469 726 1532 si
749 1467 908 1552 affuisset,
937 1470 1028 1534 illam
1050 1471 1153 1539 Athe·

112 1559 113 1564 ’
147 1557 275 1621 nienses
300 1557 520 1621 calamitatem
543 1560 731 1639 accepturos
753 1576 820 1620 non
841 1554 950 1620 fuisse.

112 1644 134 1709 2
236 1644 345 1710 Rebus
383 1648 492 1710 autem
528 1644 677 1728 afflictis,
719 1665 791 1709 cum
830 1645 971 1728 patriam
1008 1645 1153 1713 obsideri

148 1734 300 1819 audisset,
317 1756 384 1799 non
398 1733 567 1819 quaesivit,
585 1733 641 1798 ubi
659 1733 729 1817 ipse
747 1735 821 1797 tuto
842 1732 973 1817 vireret,
992 1733 1047 1796 sed
1064 1735 1151 1799 unde

147 1822 308 1906 praesidio
331 1826 444 1906 posset
467 1843 537 1887 esse
561 1821 685 1886 civibus
709 1821 785 1885 suis.
818 1821 929 1904 itaque
953 1821 1091 1886 contulit
1115 1842 1151 1886 se

148 1911 188 1974 ad
210 1909 464 1994 Pharnabazum,
487 1913 650 1993 satrapem
673 1908 784 1974 Ioniae
808 1913 841 1973 et
859 1908 979 1993 Lydiae
1003 1909 1153 1974 eundem-

148 2019 243 2080 quem
271 2018 424 2083 generum
450 1998 536 2082 regis
564 2000 597 2061 et
623 1996 854 2080 propinquum:
882 1998 967 2081 apud
995 2019 1090 2080 quem
1113 2003 1153 2062 ut

147 2085 230 2149 mult
216 2089 286 2148 tum
309 2084 416 2171 gratia
438 2084 569 2167 valeret,
591 2084 695 2148 multo
718 2084 829 2148 labore
848 2085 1024 2168 multisque
1043 2084 1152 2151 effecit

111 2173 307 2257 apericulis.
351 2195 427 2237 nam
457 2194 530 2237 cum
552 2134 798 2236 Lacedaemonii
820 2171 1075 2238 Atheniensibus
1099 2174 1152 2238 de-

146 2261 270 2327 victis
261 2283 296 2326 m
314 2261 469 2327 societate
487 2282 554 2326 non
572 2264 739 2324 manerent
739 2281 864 2344 ,quam
883 2283 956 2326 cum
969 2259 1151 2326 Artaxerxe

146 2349 299 2436 fecerant,
321 2348 574 2451 Agesilaumque
599 2311 758 2413 bellatum
780 2349 978 2414 misissent
968 2373 1004 2414 111
1025 2349 1151 2437 Asiam,

146 2440 285 2503 maxime
308 2439 440 2540 impulsi
463 2461 483 2503 a
504 2436 734 2521 Tissapherne,
764 2437 820 2522 qui
847 2459 886 2502 ex
912 2437 1038 2503 intimis
1061 2439 1151 2524 regis

147 2528 187 2591 ab
203 2527 387 2591 amicitia'
360 2548 429 2591 erus
444 2525 604 2591 defecerat
617 2530 651 2589 et
665 2547 738 2590 cum
750 2525 1010 2590 Lacedaemoniis
1026 2527 1151 2592 coierat

147 2614 349 2698 societatem,
380 2615 467 2679 hunc
499 2614 650 2678 adversus
677 2612 906 2678 Pharnabazus
937 2614 1030 2678 habit
1016 2618 1069 2679 tus
1098 2619 1149 2680 est

146 2702 332 2785 imperator,
363 2723 398 2765 re
426 2701 555 2784 quidem
581 2723 658 2766 vera
685 2702 840 2766 exercitui
870 2701 1011 2786 praefuit
1034 2701 1149 2768 Conon

109 2806 127 2856 1
146 2789 278 2873 eiusque
297 2790 406 2854 omnia
424 2790 560 2854 arbitrio
579 2794 671 2876 gesta
690 2793 773 2855 sunt.
804 2790 857 2854 hic
876 2791 1015 2855 multum
1034 2791 1150 2858 ducem

146 2899 308 2943 summum
326 2877 517 2964 Agesilaum
539 2878 707 2962 impedivit
730 2898 887 2962 saepeque
911 2878 979 2943 eius
1003 2880 1149 2945 consiliis

146 2967 290 3052 obstitit,
321 2988 424 3049 neque
451 2988 527 3032 vero
554 2988 620 3030 non
650 2965 714 3030 fuit
746 2970 908 3051 apertum,
941 2967 969 3031 11
998 2967 1055 3031 1111
1081 2989 1149 3035 non

144 3055 274 3140 fuisset,
306 3053 497 3141 Agesilaum
528 3054 642 3120 Asiam
673 3053 779 3118 Tauro
819 3059 913 3120 tenus
945 3055 1015 3142 regi
1046 3055 1149 3121 fuisse

106 3148 340 3228 lerepturum.
386 3145 440 3228 qui
471 3147 685 3228 posteaquam
716 3142 848 3207 domum
878 3166 897 3208 a
924 3143 991 3208 suis
1021 3143 1148 3210 civibus

145 3237 313 3298 revocatus
342 3236 405 3316 est,
436 3231 521 3315 quod
547 3230 664 3295 Boeoti
692 3234 725 3295 et
747 3230 962 3296 Athenienses
989 3230 1147 3298 Lacedae

144 3321 261 3386 moniis
289 3320 411 3385 bellum
437 3319 632 3402 indixerant,
662 3317 775 3386 Conon
801 3321 903 3385 nihilo
932 3320 1032 3384 setius
1062 3319 1147 3405 apud

144 3408 325 3492 praefectos
357 3409 444 3495 regis
476 3407 668 3473 versabatur
702 3408 807 3492 iisque
839 3407 988 3474 omnibus
1026 3430 1146 3496 magno

144 3501 215 3561 erat
238 3497 319 3562 usui.
