2528 4042
382 177 467 235 XXII.
486 176 681 234 HAMILCAR.
708 186 733 234 4.
1022 180 1063 245 89

59 322 150 405 viris,
171 321 307 406 pecunia
328 326 434 387 totam
457 323 668 406 locupletavit
681 322 834 388 Africam.
865 324 919 390 hic
938 346 1010 390 eum
1028 326 1098 391 ina

60 409 193 474 Italiam
216 411 338 474 bellum
360 410 478 475 inferre
502 411 726 495 meditaretur,
755 433 841 476 nono
865 434 947 476 anno
975 417 1063 497 post

61 520 159 583 quarn
182 498 217 562 in
240 499 432 582 Hispaniam
454 503 599 583 venerat,
629 499 663 563 in
688 499 812 583 proelio
840 520 987 585 pugnans
1011 503 1063 566 ad-

59 607 173 652 versus
196 584 278 650 Vett
248 590 356 651 ttones
380 587 504 651 occisus
527 591 585 651 est.
619 586 715 653 huius
738 591 931 672 perpetuum
954 588 1098 656 odiums
1198 613 1201 619 ·

59 673 863 848 {telllllturthqfillthtrllt
887 677 1064 848 Stfflt

62 852 134 918 duis
148 851 251 936 patris
266 851 540 917 obtestationibus
554 873 592 915 eo
607 855 658 916 est
675 854 859 937 perductus,
877 857 915 917 ut
930 853 1064 918 interire

62 961 162 1024 quam
184 938 347 1005 Romanos
370 961 437 1004 non
459 939 597 1019 experiri
621 941 742 1005 mallet.

352 1240 482 1313 XXIII.
511 1239 775 1314 HANNIBAL.
815 1287 817 1291 >

150 1377 329 1463 Hannibal,
351 1378 545 1445 Hamilcaris
567 1380 669 1465 filius,
698 1378 991 1466 Karthaginiensis.
1037 1381 1103 1447 sil

63 1489 175 1533 verum
197 1471 261 1551 est,
284 1469 370 1550 quod
392 1489 487 1532 nemo
511 1469 654 1552 dubitat,
677 1472 714 1533 ut
737 1468 876 1552 populus
899 1467 1065 1533 Romanus

63 1577 174 1620 omnes
202 1560 315 1640 gentes
342 1555 464 1621 virtute
492 1557 666 1639 superarit,
694 1577 761 1620 non
783 1560 834 1620 est
860 1555 1066 1621 infitiandum

61 1643 280 1708 Hannibalem
299 1647 391 1707 tanto
410 1642 614 1725 praestitisse
629 1647 753 1706 eeteros
768 1643 979 1726 imperatores
994 1665 1067 1727 pru·

63 1732 182 1813 dentis,
206 1734 328 1814 quanto
346 1729 485 1813 populus
503 1729 669 1794 Romanus
688 1731 858 1794 antecedat
875 1730 970 1794 fortit
971 1731 1066 1796 udine

63 1780 197 1885 cunctas
227 1817 384 1882 nationes
429 1839 505 1882 nam
528 1818 815 1901 quotienscumque
839 1840 912 1883 cum
935 1840 972 1883 eo
997 1840 1068 1884 con·
1086 1838 1102 1884 a

63 1927 196 1993 gressus
221 1905 302 1970 est
293 1927 328 1970 ιιι
333 1904 456 2005 Italia,
480 1927 605 1990 semper
623 1905 772 1971 discessit
757 1906 945 1990 tsuperior.
983 1907 1068 1990 quod

62 1995 128 2060 nisi
160 1993 248 2058 domi
280 1993 398 2058 civium
431 2015 562 2059 suorum
598 1994 718 2059 invidia
750 1994 900 2059 debilitat
850 1998 939 2058 ιιιιι
973 1999 1068 2080 esset,

63 2083 229 2149 Romanos
261 2082 388 2146 videtur
420 2103 571 2183 superare
603 2083 757 2167 potuisse
802 2083 859 2147 sed
891 2046 1068 2148 multoruni

64 2170 261 2236 obtrectatio
285 2170 403 2235 devicit
425 2172 520 2235 unius
543 2171 707 2235 virtutem.

152 2257 215 2322 Hic
234 2263 343 2322 autem
361 2258 450 2322 velut
467 2258 647 2323 hereditate
666 2258 815 2323 relictum
834 2258 944 2322 odium
962 2262 1067 2341 pater·
1086 2278 1102 2324 a

64 2369 142 2414 num
166 2365 244 2431 erga
262 2345 426 2410 Romanos
448 2347 495 2410 sic
519 2347 730 2430 conservavit,
752 2349 791 2409 ut
812 2345 902 2429 prius
926 2345 1068 2409 animam

65 2457 163 2519 quam
185 2435 219 2499 id
242 2434 441 2518 deposuerit,
470 2435 526 2517 qui
549 2435 691 2518 quidem,
719 2454 792 2499 cum
820 2433 928 2517 patria
955 2433 1067 2517 pulsus

65 2528 152 2589 esset
179 2526 213 2586 et
240 2522 418 2587 alienarum
442 2543 539 2605 opum
566 2523 739 2607 indigeret,
767 2542 944 2604 numquam
972 2521 1068 2586 desti-

15 2650 18 2655 ·
65 2612 143 2676 terit
171 2611 278 2675 animo
306 2609 426 2674 bellare
450 2631 523 2674 cum
545 2608 710 2675 Romanis.
754 2631 830 2674 nam
857 2615 894 2674 ut
918 2610 1108 2676 omittam?

64 2699 266 2783 Philippum,
299 2719 395 2782 quem
427 2698 542 2762 absens
573 2699 702 2763 hostem
733 2698 873 2763 reddidit
902 2696 1068 2783 Romanis,

67 2788 211 2851 omnium
237 2787 278 2851 iis
306 2786 507 2870 temporibus
536 2786 783 2869 potentissimus
806 2808 863 2851 rex
885 2784 1068 2851 Antiochus

66 2873 137 2939 fuit.
171 2875 257 2938 hunc
276 2878 368 2938 tanta
387 2874 564 2958 cupiditate
583 2875 725 2939 incendIt
742 2874 893 2958 bellandi,
910 2879 948 2937 ut
966 2896 1068 2955 usque

66 2984 86 3027 a
112 2964 210 3028 rubro
239 2962 321 3026 mari
349 2984 439 3026 arma
466 2966 601 3027 conatus
634 2962 678 3026 ιιι
708 2961 826 3027 inferre
859 2961 983 3024 Italiae.
1029 2962 1103 3026 ada

67 3073 162 3135 quem
186 3071 259 3116 cum
281 3050 382 3134 legati
405 3051 570 3115 venissent
592 3047 746 3134 Romani,
774 3050 829 3132 qui
857 3050 895 3113 de
924 3049 992 3113 eius
1016 3071 1069 3112 ιο-

65 3139 192 3204 luntate
220 3137 424 3221 explorarent
452 3139 627 3222 darentque
655 3159 786 3223 operam
814 3137 957 3200 consiliis
985 3137 1069 3200 clan-

66 3227 202 3292 destinis
216 3229 253 3289 ut
267 3223 485 3290 Hannibalem
502 3228 537 3291 in
551 3226 767 3311 suspicionem
781 3226 851 3310 regi
866 3224 1069 3309 adducerent,

66 3319 234 3398 tamquam
257 3313 297 3376 ab
321 3313 400 3396 ipsis
422 3319 592 3397 corruptus
611 3315 675 3379 alia
694 3318 791 3395 atque
811 3316 907 3376 antea
925 3312 1069 3397 sentiret,

65 3425 169 3487 neque
192 3402 226 3466 id
248 3401 370 3465 frustra
392 3400 544 3465 fecissent
562 3402 658 3486 idque
674 3400 839 3465 Hannibal
859 3400 1069 3484 comperisset

65 3512 165 3575 seque
188 3491 229 3555 ab
253 3488 462 3555 interioribus
481 3489 624 3555 consiliis
644 3489 808 3573 segregari
827 3488 970 3573 vidisset,
991 3493 1103 3556 tem-a
