2528 4042
378 158 425 214 ιι
445 158 656 215 elusanus.
685 167 734 216 ι-
737 168 762 217 4
1029 161 1070 225 ιι

62 303 201 391 cognita
223 303 378 369 alacrior
384 304 516 369 adrem
539 306 713 390 gerendam
734 305 899 370 factusin
864 306 1072 390 msuspicio·

62 415 142 458 nem
164 391 281 458 cecidit
298 390 635 458 Lacedaemoniorum.
672 415 736 477 quo
758 393 846 458 facto
870 395 1001 460 domum
1023 417 1071 460 re·

62 484 210 582 vocatus,
235 483 406 545 accusatus
430 481 517 564 capit
518 481 546 545 is
569 481 758 565 absolvitur,
781 482 864 545 mult
850 485 939 546 tatur
961 487 1071 548 tamen

61 568 211 656 pecnnia,
234 589 333 651 quarn
352 569 393 633 ob
408 590 539 633 causam
553 569 592 633 ad
607 570 744 634 classem
758 569 912 633 remissus
929 592 997 635 non
1010 575 1069 636 est.

154 656 203 722 At
224 655 280 719 ille
302 660 379 739 post
400 678 466 721 non
488 657 592 722 multo
615 679 674 722 sua
697 661 812 741 sponte
836 657 875 721 ad
893 659 1069 723 exercitum
1088 661 1110 725 3

63 745 165 812 rediit
187 747 223 808 et
244 743 291 807 ibi
312 765 378 809 non
395 745 522 828 stolida,
546 746 601 809 sed
624 746 764 810 dementi
782 746 908 810 ratione
926 746 1070 896 cogitata

63 832 238 920 patefecit:
268 832 441 896 nonenim
463 855 570 898 mores
592 834 717 917 patrios
741 835 859 918 solum,
887 835 943 898 sed
970 833 1070 897 etiam

66 924 196 988 cultum
208 919 423 1002 vestitumque
438 921 586 986 mutavit.
623 927 780 1005 apparatu
798 922 888 1008 regio
906 923 1021 987 utebat
1022 941 1105 1005 ur,s

68 1014 161 1076 reste
177 1006 314 1092 Medica,
336 1008 494 1073 satellites
513 1009 600 1073 Medi
618 1013 653 1073 et
664 1008 819 1096 Aegyptii
838 1011 1070 1112 sequebantur3

69 1097 261 1182 epulabatur
283 1117 373 1161 more
395 1096 568 1162 Persarum
591 1098 795 1183 luxuriosius,
818 1120 916 1183 quam
939 1099 995 1183 qui
1018 1097 1071 1162 ad·

45 1219 48 1224 ·
66 1189 161 1251 erant
177 1183 305 1269 perpeti
320 1189 467 1269 possent3
489 1185 614 1250 aditum
627 1150 814 1270 petentibvis
829 1186 1104 1267 [conveniundiJe

63 1296 132 1340 non
154 1273 263 1356 dabat,
285 1273 423 1356 superbe
440 1274 665 1358 respondebat,
686 1275 860 1339 crudeliter
879 1275 1069 1358 imperabat

64 1362 222 1447 Spartam
250 1359 360 1445 redire,
380 1361 526 1446 nolebat;
557 1360 710 1446 Colonas,
737 1363 793 1447 qui
821 1364 910 1428 loeus
932 1363 968 1426 in
989 1384 1068 1449 agro

63 1451 193 1515 Troade
220 1453 284 1532 est,
315 1470 350 1514 se
376 1451 573 1534 contulerat3
603 1451 650 1514 ibi
677 1451 812 1516 consilia
842 1473 915 1516 cum
943 1452 1068 1534 patriae

65 1543 139 1603 tum
158 1537 221 1602 sibi
239 1535 371 1602 inimica
388 1539 546 1622 capiebat.
581 1539 614 1603 id
631 1543 805 1623 postquam
823 1537 1069 1604 Lacedaemonii
1086 1558 1104 1606 4

63 1627 255 1709 rescierunt,
277 1625 404 1709 legatos
423 1648 497 1691 oum
516 1627 606 1691 clava
624 1627 664 1691 ad
683 1647 756 1690 eum
772 1627 939 1709 miserunt,
957 1627 1069 1709 inqua

63 1737 157 1782 more
179 1715 311 1779 illorum
329 1719 400 1779 erat
419 1714 589 1797 scriptum:
611 1715 676 1778 nisi
696 1714 828 1778 domurn
845 1717 1068 1796 reverteretur,

65 1826 102 1869 se
133 1802 249 1886 capitis
276 1821 352 1866 eum
383 1803 599 1867 damnaturos.
643 1802 705 1867 hoc
731 1802 847 1866 nuntio
878 1804 1104 1884 commotast

67 1912 204 1975 sperans
222 1911 256 1955 se
274 1890 444 1955 etiamtum
462 1891 599 1975 pecunia
616 1894 650 1954 et
669 1891 817 1974 potentia
838 1890 964 1954 instans
987 1889 1070 1973 peri·

68 1979 178 2046 culum
199 1999 293 2062 posse
321 1978 492 2064 depellere,
520 1978 651 2044 domum
677 1979 781 2044 rediit.
825 1979 889 2044 huc
911 1982 949 2042 ut
971 1978 1069 2059 venit,

66 2069 110 2134 ab
134 2066 295 2151 ephoris
285 2087 320 2129 ιιι
341 2066 448 2132 vincla
469 2068 600 2153 publiea
618 2071 669 2132 est
687 2068 864 2133 coniectus:
886 2067 964 2131 licet
983 2067 1069 2131 enim

63 2156 194 2243 legibus
224 2175 336 2220 eorum
364 2156 467 2220 cuivis
497 2156 619 2239 ephoro
647 2156 710 2221 hoc
738 2155 843 2222 faeere
870 2156 960 2255 regi·
993 2155 1069 2219 hino

62 2252 178 2311 tamen
195 2265 230 2308 se
248 2242 419 2329 expedivit,
435 2265 538 2328 neque
553 2266 591 2309 eo
605 2245 712 2329 magis
724 2244 856 2308 carebat
872 2243 1067 2343 suspicione:

61 2355 142 2400 nam
160 2332 271 2417 opinio
289 2332 443 2396 manebat
460 2353 534 2397 eum
551 2354 625 2397 cum
643 2352 719 2416 rege
734 2331 854 2395 habere
869 2331 970 2395 societ
956 2333 1066 2393 t.atem

63 2426 117 2488 est
140 2441 242 2507 genus
265 2420 426 2503 quoddam
453 2421 634 2504 hominum,
662 2419 747 2502 qnod
769 2417 901 2483 Hilotae
924 2438 1003 2482 voca
1005 2421 1067 2500 t,ur
1085 2438 1102 2485 c

65 2531 205 2594 quorum
219 2529 337 2594 magna
350 2509 524 2574 multitudo
539 2529 635 2594 agros
647 2506 974 2572 Lacedaemoniorum
988 2467 1068 2569 colii

66 2618 296 2681 servorumque
328 2618 459 2662 munere
490 2597 646 2682 fungitur.
697 2595 758 2659 hos
790 2615 917 2679 quoque
951 2594 1067 2658 sollici·

66 2691 139 2751 tare
168 2707 223 2770 spe
254 2685 353 2750 libert
339 2686 417 2749 tatis
447 2685 704 2750 existimabatur.
750 2683 806 2748 sed
834 2683 921 2767 quod
951 2683 1101 2748 harumv

66 2795 176 2840 rerum
196 2774 322 2838 nullum
344 2778 415 2838 erat
438 2778 586 2857 apertum
609 2773 739 2856 crimen,
762 2793 827 2873 quo
845 2772 977 2872 coargui
995 2793 1068 2855 pos·

65 2867 127 2949 set,
144 2883 209 2928 non
226 2861 388 2946 putabant
405 2863 443 2926 de
463 2863 523 2926 tali
541 2866 672 2945 tamque
691 2860 822 2925 claro'
792 2881 862 2925 vrro
880 2859 1068 2960 suspicioni·

62 2955 127 3018 bus
150 2956 300 3036 oportere
327 2950 462 3016 iudicari
490 2956 524 3015 et
547 2949 810 3033 exspectandum,
840 2949 916 3012 dum
939 2968 973 3011 se
996 2947 1067 3029 ipsa

61 3064 114 3107 res
138 3039 289 3124 aperiret.

151 3128 290 3193 Interim
321 3124 467 3212 Argilius
500 3126 631 3212 quidam
663 3124 938 3206 adulescentulus,
971 3123 1107 3221 quem4

60 3238 201 3303 puerum
223 3215 401 3281 Pausanias
425 3237 533 3281 amore
556 3215 685 3280 venerio
708 3214 877 3295 dilexerat,
907 3232 980 3275 oum
1002 3209 1067 3292 epi·

61 3307 186 3372 stulam
205 3305 245 3368 ab
265 3326 303 3369 eo
322 3303 362 3367 ad
376 3302 574 3368 Artabazum
593 3302 769 3386 accepisset
792 3300 884 3382 eique
907 3299 942 3362 in
965 3297 1066 3381 suspi-

62 3396 192 3461 cionem
217 3393 359 3457 venisset
391 3391 553 3474 aliquid'
543 3414 579 3456 1n
606 3414 643 3456 ea
670 3391 708 3454 de
736 3411 770 3454 se
797 3409 867 3452 esse
900 3386 1066 3470 scriptum,
1154 3452 1156 3456 Α

63 3483 151 3569 quod
181 3503 277 3546 nemo
309 3501 421 3546 eorum
452 3480 602 3564 redisset,
634 3479 690 3563 qui
723 3480 833 3560 [super
864 3475 923 3539 tali
955 3478 1066 3556 causa]

117 3594 256 3637 commus
269 3594 355 3635 Nanos.
890 3583 907 3632 2
