2528 4042
370 164 431 222 vlt.
450 166 672 224 ALCIBIADES.
701 175 742 224 11.
1021 170 1062 234 31

58 334 111 397 ea,
134 333 216 396 quae
239 332 339 396 supra
362 311 565 395 scripsimus,
594 312 633 376 de
656 333 694 377 eo
717 313 944 396 praedicarunt
966 318 1064 399 atque

58 401 123 467 hoo
153 400 309 484 amplius:
341 420 415 465 oum
446 398 599 484 Athenis,
631 401 892 484 splendidissima
923 403 1064 488 civitate,

59 493 156 555 natus
184 492 286 573 esset,
315 508 427 553 omnes
455 488 625 572 splendore
652 510 690 553 ao
713 489 871 574 dignitate
895 512 1063 574 superasse

60 578 158 661 vitae3
187 580 365 661 postquam
391 576 465 640 iude
493 577 645 660 expulsus
667 576 796 641 Thebas
819 580 956 663 venerit,
984 580 1098 645 adeoa

35 665 176 753 ,studiis
205 685 318 729 eorum
344 663 531 747 inservisse,
561 668 599 729 ut
630 686 725 729 nemo
755 687 829 730 eum
858 666 968 730 labore
996 688 1064 732 oor-

56 753 215 839 purisque
228 752 350 854 viribus
364 756 477 837 posset
490 753 698 836 aequiperare
711 751 836 838 (omnes
851 754 938 818 enim
946 752 1064 818 Boeoti

56 840 1099 1013 ffiffidlrtlthiiititifflittidti'ilr

61 1019 169 1082 virtus
189 1016 403 1101 inpatientia
424 1017 620 1100 ponebatur,
642 1017 690 1082 sie
712 1018 850 1083 duritiae
873 1041 908 1083 se
930 1019 1064 1102 dedisse,

63 1108 101 1170 ut
120 1103 319 1190 parsimonia
341 1104 446 1169 vietus
469 1108 566 1187 atque
590 1105 696 1170 uultus
720 1127 831 1170 omnes
853 1105 1064 1173 Laoedaemo

58 1193 132 1259 nios
154 1191 313 1276 virseret,
333 1191 434 1256 fuisse
457 1192 541 1276 apud
560 1192 730 1277 Tmaeoas,
752 1194 900 1259 homines
923 1196 1064 1260 vinolen-

58 1284 111 1347 tos
129 1281 294 1364 rebusque
312 1279 449 1345 veueriis
468 1280 607 1346 deditos:
625 1281 685 1346 hos
701 1304 829 1366 quoque
847 1283 882 1347 in
900 1282 952 1347 his
967 1284 1063 1349 rebus

58 1369 288 1452 antecessisse,
308 1368 436 1433 venisse
450 1369 491 1432 ad
503 1367 629 1454 Persas,
647 1370 731 1453 apud
752 1392 832 1454 quos
852 1393 978 1436 summa
992 1374 1063 1437 laus
1082 1386 1099 1436 o

61 1456 301 1523 esset‘fortiter
323 1456 442 1540 venari,
464 1457 628 1522 luxuriose
650 1459 771 1523 vivere:
793 1459 910 1524 borum
929 1461 976 1525 sio
995 1461 1064 1524 imi·

61 1549 169 1611 tatum
190 1545 464 1628 eonsuetudinem,
486 1549 525 1609 ut
546 1546 596 1608 illi
618 1546 682 1630 ipsi
704 1569 779 1611 eum
800 1548 836 1611 in
853 1548 905 1612 his
924 1549 1063 1613 maxime

58 1633 307 1699 admirarentur.
352 1632 469 1716 quibus
492 1633 589 1697 rebus
613 1633 756 1698 effecisse
783 1638 834 1717 ut,
862 1636 947 1718 apud
970 1653 1098 1718 quos-o

57 1743 198 1807 eumque
210 1725 307 1805 esset,
324 1721 474 1804 princeps
492 1724 667 1803 poneretur
686 1722 923 1805 habereturque
938 1722 1064 1786 carissi·

57 1831 143 1875 mus.
188 1808 243 1875 sed
265 1808 346 1874 satis
369 1809 408 1874 de
431 1808 506 1873 hoo:
529 1809 671 1892 reliquos
694 1809 866 1873 ordiamur.

368 2110 465 2184 VIII.
499 2110 853 2186 THRASYBULUS.

148 2246 385 2334 Thrasybulus,
408 2247 488 2334 Lyci
511 2249 612 2333 filius,
634 2249 852 2314 Atheniensis.
898 2251 1007 2334 siper
1030 2272 1063 2315 se
1084 2254 1099 2316 1

55 2338 167 2403 virtus
195 2338 263 2402 sine
290 2337 422 2403 fortuna
448 2338 654 2421 ponderanda
682 2341 745 2420 est,
774 2337 887 2400 dubito
911 2359 953 2400 an
979 2337 1064 2403 huno

58 2425 204 2509 primum
226 2427 372 2491 omnium
393 2447 521 2510 ponam.
565 2426 646 2489 illud
670 2425 738 2489 sine
761 2424 873 2487 dubio:
902 2423 1064 2490 neminem

60 2512 139 2579 huie
158 2514 305 2598 praefero
328 2514 405 2598 fide,
428 2514 625 2598 constantia,
648 2512 869 2598 magnitudine
893 2534 1064 2597 amm1,m

60 2600 203 2686 patriam
227 2624 344 2668 amore.
384 2625 460 2667 nam
484 2602 570 2684 quod
592 2601 688 2665 multi
710 2601 882 2665 volueumt
904 2601 1064 2686 paucique
1083 2618 1099 2666 2

61 2692 247 2775 potuerunt,
270 2691 311 2756 ab
328 2712 394 2755 uno
412 2695 550 2774 tyranno
569 2690 709 2773 patriam
728 2689 875 2774 liberare,
897 2689 973 2755 huie
991 2712 1064 2756 oon-

62 2776 143 2863 tigit
161 2781 200 2843 ut
221 2801 241 2843 a
263 2779 402 2865 triginta
424 2799 612 2862 oppressam
635 2778 781 2862 tyrannis
805 2801 822 2842 e
846 2779 1002 2843 servitute
1030 2780 1065 2844 in

61 2865 248 2931 libertatem
266 2867 452 2932 vindicaret.
484 2866 540 2930 sed
557 2867 666 2931 nescio
687 2887 750 2948 quo
769 2866 875 2950 modo,
898 2888 972 2931 eum
990 2889 1064 2932 eum
1082 2883 1099 2930 3

57 2974 158 3019 nemo
183 2954 325 3020 anteiret
350 2956 401 3020 his
429 2954 620 3038 virtutibus,
651 2954 747 3018 multi
773 2954 946 3019 nobilitate
975 2976 1065 3038 prae-

59 3047 281 3109 cucurrerunt
326 3043 468 3127 primum
495 3041 729 3126 Peloponnesio
762 3043 848 3106 bello
877 3043 981 3107 multa
1010 3042 1064 3107 hia

60 3131 130 3197 sine
149 3130 319 3196 Alcibiade
342 3132 454 3216 gessit,
476 3131 531 3194 ille
553 3131 678 3195 nullam
700 3152 769 3194 rem
792 3130 861 3194 sine
883 3130 959 3195 hoe:
983 3150 1064 3212 quae

59 3218 115 3285 ille
142 3219 295 3297 universe
320 3218 462 3282 naturali
490 3219 628 3302 quodam
655 3219 741 3283 bono
768 3216 847 3281 feeit
873 3218 963 3282 lucri.
1008 3217 1100 3283 sede

60 3305 119 3373 illa
142 3310 254 3372 tamen
276 3306 384 3373 omnia
407 3307 590 3372 eommunia
614 3306 863 3390 imperatoribus
887 3328 960 3369 oum
983 3306 1075 3369 mili·

61 3395 152 3461 tibus
176 3399 210 3460 et
232 3394 372 3480 fortuna,
395 3394 480 3477 quod
503 3396 538 3459 in
559 3395 674 3478 proelii
698 3415 855 3459 eonoursu
878 3394 948 3457 abit
970 3415 1022 3458 res
1045 3416 1065 3458 a

63 3483 200 3550 oonsilio
223 3484 264 3547 ad
286 3484 372 3550 vioes
389 3501 492 3547 rerum
510 3483 727 3566 virtutemque
749 3482 972 3568 pugnantium.
1006 3483 1065 3546 ita·
