2528 4042
145 161 212 227 102
474 168 558 223 XXV.
576 163 735 221 amous.
762 169 787 218 4.
807 167 832 219 5.

143 312 234 371 mata
255 311 492 390 pronuntiabat
514 314 548 374 et
570 306 692 374 Graece
715 312 748 372 et
770 308 886 373 Latine
910 309 966 394 sie,
988 313 1026 374 ut
1050 331 1149 393 supra

108 393 226 457 anihil
248 401 365 477 posset
386 399 469 463 addi
514 396 630 479 quibus
653 397 750 462 rebus
777 396 901 461 factum
923 401 973 462 est
994 401 1033 462 ut
1057 396 1148 462 Sulla

142 501 308 564 nusquam
329 505 399 550 ειιιιι
420 486 461 550 ab
485 505 519 548 se
542 483 722 549 dimitteret
746 490 941 569 cuperetque
964 507 1073 551 secum
1097 485 1149 549 de-

143 567 272 637 ducere.
317 573 369 639 cui
391 594 463 637 cum
485 572 677 654 persuadere
705 576 861 657 tentaret,
888 572 981 659 noli,
1008 595 1064 638 oro
1092 572 1148 657 te,'

143 655 256 741 inquit
267 659 465 745 Pomponius
484 658 666 724 ‘adversum
685 681 740 725 eos
759 683 810 725 mc
828 661 910 725 velle
929 660 1051 746 ducere,
1074 682 1150 726 cum

145 747 266 829 quibus
287 769 328 813 ne
350 750 463 812 contra
480 751 514 812 te
533 769 623 811 arma
640 748 767 833 ferrem,
789 748 922 813 Italiam
940 748 1076 833 reliqui?
1114 752 1150 814 at

148 832 241 901 Sulla
262 833 475 902 adulescentis
499 834 607 900 officio
628 835 809 901 collaudato
832 837 941 901 omnia
958 858 1093 901 munera
1109 838 1149 922 ei,

148 945 232 1008 quae
253 922 390 988 Athenis
413 928 591 1008 acceperat,
613 924 820 1009 proficiscens
842 925 940 990 iussit
963 925 1091 990 deferri.

113 1029 131 1079 e
235 1010 298 1076 Hie
320 1010 502 1094 complures
526 1034 627 1078 annos
650 1017 809 1098 moratus,
835 1034 908 1078 cum
932 1017 965 1078 et
987 1013 1034 1077 rei
1057 1013 1150 1077 fami·

148 1099 220 1164 lieri
245 1101 374 1162 tantum
402 1120 519 1182 operae
551 1102 657 1186 daret,
689 1105 846 1185 quantum
876 1122 943 1167 non
973 1101 1148 1187 indiligens

148 1187 277 1253 deberet
299 1189 393 1268 pater
415 1188 566 1274 familias,
589 1193 623 1253 et
646 1189 755 1254 omnia
776 1189 901 1273 reliqua
923 1194 1072 1273 tempora
1092 1193 1148 1254 aut

147 1273 265 1340 litteris
284 1277 342 1338 aut
354 1273 604 1341 Atheniensium
621 1278 669 1341 rei
686 1278 835 1361 publicae
856 1278 1023 1362 tribueret,
1044 1277 1146 1342 nihilo

112 1363 253 1433 emmae
285 1361 397 1427 amicis
429 1365 553 1429 urbana
586 1363 693 1429 officia
723 1365 900 1448 praestitit.
944 1387 1021 1430 nam
1047 1370 1082 1430 et
1108 1364 1149 1429 ad

147 1449 279 1518 comitia
305 1471 417 1515 eorum
444 1451 618 1517 ventitavit
645 1454 691 1536 et,
721 1452 750 1515 si
778 1473 841 1534 qua
867 1472 919 1516 res
947 1453 1051 1517 maior
1075 1457 1151 1517 acta

146 1542 206 1623 est,
226 1558 293 1602 non
315 1537 427 1604 defuit.
466 1541 551 1605 sicut
573 1538 721 1605 Ciceroni
743 1539 778 1604 in
800 1539 950 1604 omnibus
974 1540 1042 1603 eius
1064 1541 1152 1622 peri-

147 1625 227 1694 culis
245 1626 445 1712 singularem
462 1629 560 1693 fidem
578 1627 741 1712 praebuit:
764 1627 816 1692 cui
829 1649 869 1692 ex
886 1627 992 1710 patria
1007 1625 1152 1711 fugienti

147 1713 333 1781 sestertium
370 1716 508 1782 ducenta
539 1720 573 1781 et
609 1715 845 1801 quinquaginta
880 1714 971 1779 milia
1006 1714 1152 1780 donavit.

112 1821 130 1873 5
146 1802 367 1885 tranquillatis
387 1809 496 1869 autem
514 1805 611 1869 rebus
625 1804 781 1869 Romanis
798 1803 988 1888 remigravit
1000 1802 1151 1889 Romam,

145 1892 183 1956 ut
213 1891 330 1974 opinor
356 1891 393 1959 L.
421 1892 520 1959 Cotta
551 1891 587 1957 L.
614 1892 780 1976 Torquato
814 1891 1016 1956 consulibus:
1053 1911 1152 1974 quem

146 1978 364 2044 discedentem
388 1981 434 2045 sic
457 1980 607 2045 universa
630 1980 744 2044 civitas
767 1979 1016 2044 Atheniensium
1040 2000 1151 2061 prose·

146 2069 222 2133 cuta
235 2071 295 2150 est,
317 2070 355 2131 ut
372 2067 515 2132 lacrimis
534 2067 683 2131 desiderii
702 2066 805 2131 futuri
823 2066 969 2131 dolorem
982 2067 1151 2132 indicaret.

111 2156 133 2224 5
233 2153 387 2219 Habebat
414 2155 607 2219 avrmculum
635 2154 672 2230 Q.
696 2153 886 2239 Caecilium,
916 2155 1059 2237 equitem
1086 2153 1150 2219 Ro·

145 2262 291 2328 manum,
322 2242 516 2308 familiarem
546 2241 582 2307 L.
605 2240 746 2328 Luculli,
778 2242 925 2326 divitem,
957 2241 1148 2307 difficillima

144 2334 276 2396 natura:
309 2332 398 2397 cuius
423 2332 468 2397 sic
498 2330 707 2414 asperitatem
734 2330 856 2396 veritus
884 2334 948 2415 est,
973 2334 1026 2414 ut,
1053 2351 1148 2415 quem

144 2438 240 2485 nemo
263 2420 347 2485 ferre
369 2423 491 2505 posset,
512 2419 609 2483 huius
633 2419 701 2483 sine
726 2419 902 2485 offensione
925 2419 966 2484 ad
989 2439 1150 2483 summam

146 2512 346 2573 senectutem
369 2507 539 2572 retinuerit
568 2507 829 2572 benivolentiam.
874 2528 937 2591 quo
960 2505 1047 2571 facto
1072 2507 1152 2571 tulit

110 2595 279 2679 epietetis
302 2595 453 2660 fructum.
498 2593 656 2660 Caecilius
680 2595 766 2659 enim
788 2595 927 2659 moriens
950 2596 1150 2659 testamento

147 2682 314 2767 adoptavit
337 2703 410 2747 eum
432 2683 645 2766 heredemque
668 2682 747 2748 fecit
769 2705 808 2747 ex
831 2683 1000 2746 dodrante:
1023 2703 1062 2746 ex
1085 2704 1152 2765 qua

111 2771 326 2836 shereditate
358 2771 483 2853 accepit
511 2771 640 2836 circiter
667 2771 809 2836 centiens
838 2770 1033 2835 sestertium.
1078 2775 1152 2834 erat

146 2863 249 2944 nupta
272 2880 363 2924 soror
385 2857 491 2922 Attici
515 2857 553 2935 Q.
571 2858 677 2924 Tullio
697 2857 854 2942 Ciceroni,
876 2878 994 2941 easque
1016 2858 1151 2942 nuptias

146 2946 189 3013 M.
213 2947 326 3014 Cicero
354 2946 556 3032 conciliarat,
584 2969 657 3012 oum
684 2968 747 3031 quc
776 2968 795 3009 a
823 2945 1081 3030 condiscipulatu
1104 2946 1151 3010 vi-

147 3037 243 3102 vebat
271 3035 546 3120 coniunctissime,
573 3037 676 3099 multo
705 3033 804 3098 etiam
831 3032 1022 3099 familiarius
1051 3055 1150 3117 quam

147 3147 220 3191 cum
237 3124 368 3208 Quinto,
390 3128 429 3188 ut
450 3123 586 3189 iudicari
607 3121 713 3206 possit
735 3122 808 3204 plus
827 3122 862 3186 in
880 3122 1024 3187 amicitia
1041 3122 1150 3186 valere

110 3229 129 3277 4
147 3213 392 3278 similitudinem
406 3233 534 3277 morum
548 3232 644 3295 quam
654 3208 857 3274 affinitatem.
874 3211 1030 3275 utebatur
1038 3214 1150 3275 autem

146 3302 260 3366 intime
284 3300 321 3376 Q.
343 3299 534 3384 Hortensio,
564 3299 619 3382 qui
642 3297 682 3360 iis
705 3298 906 3383 temporibus
929 3297 1150 3382 principatum

147 3389 349 3472 eloquentiae
372 3389 513 3472 tenebat,
536 3390 573 3451 ut
590 3385 737 3472 intellegi
754 3408 821 3451 non
837 3389 958 3470 posset,
979 3389 1054 3450 uter
1074 3407 1150 3451 eum

145 3477 219 3560 plus
242 3477 401 3563 diligeret,
424 3474 537 3541 Cicero
561 3495 602 3538 an
619 3473 828 3540 Hortensius:
852 3479 894 3559 et,
916 3474 949 3538 id
968 3474 1055 3558 quod
1078 3479 1149 3539 erat
