2528 4042
145 185 188 249 84
456 182 516 238 XX.
534 181 730 238 TIMOLEON.
758 189 835 237 3-5.

145 329 211 395 suit
233 351 270 394 ac
292 328 400 412 privat
401 350 440 394 us
465 327 647 413 Syracusis,
676 328 761 412 quod
783 328 942 411 reliquum
964 328 1012 391 vit
998 332 1051 392 tae
1074 326 1143 412 fuit,

110 418 235 482 evixit.
271 439 375 500 neque
398 439 482 482 vero
497 417 531 481 id
552 417 702 501 imperite
726 416 817 481 fecit:
789 420 914 481 tnam
937 416 1023 498 quod
1046 379 1143 481 ceteri

144 527 237 592 reges
246 506 383 590 imperio
397 508 582 590 potuerunt,
595 505 648 569 hic
662 505 881 569 benivolentia
894 505 1007 569 tenuit
1036 503 1143 569 nullus

144 595 249 660 honos
277 595 353 660 huic
379 594 481 659 defuit
484 614 627 678 ,neque
655 614 715 675 pos
717 595 771 656 toa
799 614 851 657 res
884 592 951 657 ulla
978 591 1143 676 Syracusis

146 687 240 769 gesta
267 688 317 748 est
343 682 483 767 publice,
513 680 551 744 de
579 701 642 762 qua
667 681 758 763 prius
787 680 832 744 sit
858 681 1022 745 decretum
1049 702 1143 764 quam

111 771 359 839 climoleontis
383 791 440 835 sen
440 771 510 832 tten
511 768 543 831 ia
565 766 704 853 cognita
749 769 870 833 nullius
897 791 1051 852 umquam
1075 789 1144 834 con-

148 861 257 926 silium
270 879 336 925 non
348 857 443 921 modo
457 854 646 940 antelatum,
660 855 769 920 sedne
783 862 1008 939 comparatum
1018 857 1144 940 quidem

148 953 207 1014 est
241 967 342 1029 neque
355 944 389 1008 id
407 944 511 1029 magis
525 945 591 1009 aros
608 944 827 1009 benivolentia
845 944 913 1009 fact
899 949 970 1009 tum
984 949 1035 1009 ost
1049 967 1145 1028 quam

170 1034 322 1101 rudentia

112 1060 168 1191 4p
232 1121 295 1186 Hic
322 1142 395 1184 cum
422 1125 529 1185 aetate
556 1121 622 1185 iam
649 1125 820 1205 provectus
850 1125 945 1205 esset,
977 1121 1046 1186 sine
1077 1121 1142 1186 ullo

147 1211 259 1277 morbo
285 1209 409 1272 lumina
437 1209 604 1274 oculorum
632 1209 751 1274 amisit.
801 1231 899 1292 quam
926 1209 1145 1274 calamitatem

146 1301 193 1365 ita
214 1297 378 1362 moderate
396 1296 483 1381 tulit,
505 1300 543 1361 ut
559 1318 663 1380 neque
681 1318 755 1361 eum
774 1301 960 1380 querentem
975 1299 1145 1381 quisquam

146 1385 283 1454 audierit
308 1405 411 1467 neque
439 1406 477 1448 oo
507 1383 613 1449 minus
644 1384 781 1468 privatis
813 1384 1017 1469 publicisque
1049 1388 1145 1450 rebus

112 1493 128 1542 a
145 1472 336 1540 interfuerit
367 1471 518 1536 veniebat
540 1476 649 1536 autem
667 1472 702 1536 in
720 1472 894 1556 theatrum,
916 1495 990 1537 cum
1008 1474 1056 1537 ibi
1075 1495 1146 1539 con·

146 1562 255 1629 cilium
281 1559 394 1644 populi
421 1561 609 1644 haberetur,
637 1563 863 1644 proptera
793 1559 863 1623 vale
865 1559 1010 1624 tudinem
1032 1566 1146 1627 vectus

144 1648 297 1716 iumentis
320 1648 449 1733 iunctis,
471 1653 568 1732 atque
591 1649 640 1713 ita
661 1648 700 1712 de
722 1647 868 1713 vehiculo
892 1669 972 1731 quae
995 1648 1148 1713 videban-

145 1743 199 1803 tur
217 1738 353 1803 dicebat
388 1758 492 1838 neque
509 1737 572 1802 hoc
592 1737 642 1801 illi
661 1736 831 1821 quisquam
854 1735 1020 1801 tribuebat
1038 1757 1148 1820 super·

144 1826 230 1891 biae·
260 1825 342 1890 nihil
370 1826 456 1890 enim
483 1846 637 1908 umquam
662 1846 767 1926 neque
789 1823 932 1889 insolens
953 1845 1057 1908 neque
1081 1824 1147 1911 glo
1187 1844 1189 1873 ¹

110 1915 267 1981 ariosum
281 1935 320 1977 ex
334 1935 389 1978 oro
408 1914 476 1978 eius
495 1914 583 1977 exiit.
615 1935 671 1997 qm
662 1913 828 1998 quidem,
851 1934 924 1977 cum
942 1934 1017 1977 suas
1035 1913 1145 1978 laudes

145 2002 271 2066 audiret
296 2000 489 2084 praedicari,
517 2022 694 2084 numquam
722 2001 810 2065 aliud
831 2000 914 2065 dixit
936 2022 1033 2084 quam
1057 2023 1092 2066 se
1114 2002 1146 2067 in

145 2112 183 2154 oa
205 2111 239 2153 re
262 2089 401 2152 maxime
424 2088 473 2151 dis
497 2109 591 2173 agere
614 2088 737 2173 gratias
767 2092 864 2172 atque
891 2089 1024 2173 habere,
1053 2090 1145 2174 quod,

145 2199 218 2243 cum
242 2174 385 2241 Siciliam
408 2196 552 2241 recreare
575 2176 836 2259 constituissent,
865 2180 937 2242 tum
960 2198 994 2242 se
1016 2177 1145 2261 potissi·

109 2283 126 2331 4
145 2287 234 2331 mum
258 2265 370 2330 ducem
394 2285 463 2329 esse
486 2264 674 2329 voluissent.
700 2264 783 2329 nihil
802 2264 888 2329 onim
906 2287 1014 2330 rerum
1036 2266 1145 2331 huma

144 2376 260 2419 narum
283 2353 352 2418 sine
375 2352 508 2418 deorum
526 2353 656 2418 numine
675 2353 745 2439 geri
763 2354 920 2438 putabat3
941 2354 1053 2438 itaque
1071 2376 1145 2419 suae

145 2443 233 2508 domi
256 2442 409 2507 sacellum
427 2440 635 2506 Automatias
658 2441 873 2506 constituerat
894 2442 990 2525 idque
1014 2443 1144 2508 sanctis·

149 2532 229 2596 sime
253 2530 388 2611 colebat.

109 2619 131 2683 5
232 2615 285 2681 Ad
301 2617 385 2682 hanc
402 2617 544 2682 hominis
559 2618 768 2683 excellentem
786 2617 967 2683 bonitatem
981 2618 1146 2684 mirabiles

146 2709 348 2770 accesserant
371 2726 473 2770 casus.
505 2728 581 2771 nam
598 2707 724 2790 proelia
741 2706 881 2770 maxima
897 2706 1001 2770 natali
1019 2729 1078 2773 suo
1098 2708 1146 2772 die

145 2793 224 2858 fecit
251 2793 372 2877 omnia,
409 2815 472 2876 quo
499 2792 623 2859 iactum
650 2798 765 2860 estut
794 2793 862 2857 eius
893 2794 978 2858 diem
1004 2796 1147 2861 natalem

111 2882 265 2946 afestum
288 2881 424 2945 haberet
445 2881 595 2947 universa
619 2881 738 2948 Sicilia.
773 2881 849 2946 huic
872 2883 1003 2965 quidam
1020 2883 1146 2969 Laphy-

146 2971 243 3054 stius,
273 2970 371 3035 homo
398 2970 549 3053 petulans
576 2975 610 3035 et
636 2972 797 3056 ingratus,
825 2970 1046 3036 vadimonium
1075 2995 1146 3038 cum

145 3058 244 3123 vellet
266 3059 440 3142 imponere,
462 3059 548 3141 quod
571 3081 643 3124 cum
666 3059 723 3122 illo
747 3078 781 3122 se
803 3057 875 3143 lege
899 3079 994 3144 agere
1018 3060 1146 3145 diceret,

147 3151 180 3212 et
203 3147 383 3230 complures
403 3147 651 3230 concurrissent,
673 3146 728 3229 qui
751 3147 881 3230 procaci
882 3151 984 3212 tatem
1006 3149 1146 3215 hominis

146 3235 295 3299 manibus
310 3238 457 3300 coercere
471 3238 625 3300 conarent
626 3256 674 3318 ur,
611 3233 856 3299 tTimoleon
870 3236 975 3300 oravit
990 3236 1146 3322 homines,

146 3345 186 3387 ne
217 3323 251 3386 id
281 3322 433 3388 facerent.
477 3343 616 3405 namque
647 3286 681 3386 ιιι
712 3326 750 3388 ut
776 3321 955 3407 Laphystio
985 3329 1020 3389 et
1047 3326 1146 3392 cuivis

146 3410 272 3496 liceret,
304 3433 338 3475 se
368 3412 524 3476 maximoe
551 3410 680 3475 labores
708 3433 896 3494 summaque
924 3412 1040 3478 adiisse
1068 3414 1147 3498 peri·

148 3499 227 3564 cula.
271 3499 355 3565 hanc
378 3500 464 3564 enim
487 3498 627 3584 speciem
649 3500 748 3564 libert
734 3500 813 3564 tatis
836 3520 915 3585 esse,
938 3501 967 3565 si
990 3504 1147 3590 omnibus,
