2528 4042
408 167 506 224 XVIII.
525 167 705 223 nauffinna.
734 175 757 223 1.
776 175 801 224 2.
1067 171 1107 234 71

109 311 275 396 florerent,
303 312 442 376 multum
465 313 495 377 ei
518 312 657 378 detraxit
680 314 729 378 int
714 317 765 379 ter
787 334 842 379 eos
865 314 999 400 virenti,
1023 314 1109 398 quod

109 400 234 466 alienae
261 404 332 465 erat
360 400 514 484 civitatis,
545 423 647 485 neque
676 401 763 466 aliud
788 401 864 467 huic
886 403 988 467 defluit
974 407 1109 486 tquam

108 509 268 574 generosa
296 489 404 572 stirps
449 488 511 554 etsi
533 489 619 554 enim
642 489 819 555 domestico
843 511 969 555 summo
992 509 1144 576 generes

108 580 194 661 erat,
221 579 331 641 tamen
353 575 542 642 Macedones
570 600 644 642 eum
671 578 733 642 sibi
761 578 933 660 aliquando
956 579 1109 679 anteponi

108 664 243 750 indigne
265 664 412 729 ferebant
416 686 549 748 ,neque
572 669 682 730 tamen
702 688 769 731 non
790 666 959 750 patiebant
959 688 1012 730 ur:
1043 668 1110 732 rin-

109 753 206 818 cebat
220 752 306 818 enim
321 773 431 818 omnes
446 774 531 855 cura,
549 753 727 838 vigilantia,
745 754 913 839 patientia,
932 753 1108 819 calliditate

109 846 145 907 et
168 841 333 907 celeritate
316 841 486 927 aingenii.

199 928 263 993 Hic
284 928 600 1012 peradulescentulus
623 930 663 994 ad
686 930 864 995 amicitiam
881 930 1018 995 accessit
1036 930 1147 995 Phi-4

110 1018 203 1102 lippi,
224 1016 387 1101 Amyntae
405 1017 473 1101 filii,
496 1017 648 1100 brevique
667 1021 813 1101 tempore
830 1020 866 1082 in
878 1019 1028 1083 intimam
1040 1039 1110 1102 per·

112 1105 201 1170 uenit
222 1104 491 1169 familiaritatem:
513 1104 660 1189 fulgebat
683 1105 768 1169 enim
790 1106 856 1170 iam
877 1106 912 1170 in
930 1107 1111 1172 adulescen-

111 1194 183 1258 tulo
210 1192 334 1258 indoles
356 1193 496 1257 virtutis.
540 1193 651 1276 itaque
675 1215 748 1258 eum
774 1192 891 1258 habuit
917 1194 957 1258 ad
980 1211 1146 1260 manumo

111 1281 238 1347 scribae
260 1281 342 1364 loco,
365 1281 451 1362 quod
474 1281 577 1345 multo
601 1280 686 1364 apud
704 1279 820 1346 Graios
843 1282 1109 1348 honorificentius

112 1373 166 1435 est
187 1390 284 1453 quarn
307 1369 390 1452 apud
413 1367 586 1434 Romanos.
619 1391 758 1453 namque
781 1368 866 1454 apud
886 1392 956 1455 nos,
979 1393 1013 1436 re
1036 1392 1111 1436 rera

115 1457 200 1522 sicut
221 1461 307 1540 sunt,
329 1458 539 1522 mercennarii
562 1457 685 1522 scribae
704 1458 945 1543 existimantur3
968 1463 1003 1522 at
1027 1459 1111 1542 apud

115 1545 187 1610 illus
211 1567 228 1609 e
251 1545 414 1610 contrario
437 1566 532 1610 nemo
555 1545 596 1610 ad
618 1545 651 1608 id
675 1545 818 1612 officium
841 1547 1025 1611 admittitur
1046 1546 1112 1611 nisi

111 1633 251 1699 honesto
278 1634 365 1717 loco,
392 1636 425 1696 et
452 1633 514 1697 fide
538 1637 572 1696 et
598 1632 758 1697 industria
780 1634 924 1719 cognita,
952 1633 1037 1716 quod
1059 1654 1112 1697 ne

111 1742 203 1787 cesse
231 1724 281 1785 est
309 1721 453 1785 omnium
479 1720 688 1785 consiliorum
715 1742 788 1785 eum
816 1741 885 1785 esse
912 1720 1112 1804 participem

110 1809 200 1874 hunc
226 1808 333 1874 locum
363 1807 469 1873 tenuit
497 1808 658 1873 amicitiae
686 1809 770 1892 apud
796 1808 983 1892 Philippum
1011 1826 1147 1874 annosa

112 1900 247 1980 septem.
292 1897 349 1962 illo
377 1896 548 1962 interfecto
577 1896 689 1962 eodem
718 1896 822 1981 gradu
844 1896 908 1961 fuit
931 1898 1016 1981 apud
1038 1895 1112 1962 Ale·

112 1984 272 2050 xandrum
305 2005 405 2050 annos
437 1984 600 2050 tredecim.
644 1984 820 2050 novissimo
850 1989 995 2070 tempore
1024 2006 1113 2068 prae

112 2073 179 2137 fuit
201 2073 300 2137 etiam
322 2073 443 2143 alterae
461 2073 607 2156 equitum
625 2073 704 2158 alae,
727 2095 808 2158 quae
821 2071 992 2140 Hetaerice
1006 2074 1113 2159 appel-

112 2161 253 2226 labatur.
297 2162 426 2245 utrique
454 2165 563 2226 autem
589 2161 624 2226 in
647 2161 782 2227 consilio
812 2183 937 2245 semper
965 2162 1057 2226 affuit
1080 2167 1114 2226 et

114 2249 260 2315 omnium
282 2270 389 2314 rerum
411 2249 543 2313 habitus
566 2253 617 2314 est
639 2250 811 2333 particeps.

202 2336 385 2402 Alexandro
408 2336 575 2421 Babylone
598 2341 735 2420 mortuo,
758 2357 831 2400 cum
853 2355 953 2420 regna
976 2335 1155 2420 singulisa

114 2425 332 2490 familiaribus
369 2425 618 2508 dispertirentur
650 2428 683 2489 et
719 2444 845 2488 summa
876 2421 997 2487 tradita
1028 2427 1115 2488 esset

114 2512 236 2578 tuenda
263 2513 379 2596 eidem,
406 2513 457 2578 cui
484 2511 665 2578 Alexander
692 2511 832 2576 moriens
860 2511 993 2576 anulum
1020 2531 1114 2576 sunm

114 2601 261 2685 dederat,
288 2601 457 2666 Perdiccae
485 2597 538 2686 (ex
565 2621 628 2682 quo
661 2621 778 2700 omnes·
805 2599 1007 2665 coniecerant
1041 2616 1150 2664 cuma

115 2687 871 2860 trittetert3ffluil⁸ttutt⁰3tlbttt
884 2692 1115 2861 ,tutat

117 2865 172 2947 qui
204 2866 391 2931 antecedere
421 2865 507 2930 hunc
538 2864 744 2949 videbantur,
775 2868 923 2929 mortuus
955 2867 1025 2929 erat
1052 2861 1115 2928 He·

114 2952 274 3036 phaeatio‚
297 2974 392 3036 quem
414 2975 514 3018 unum
527 2951 717 3036 Alexander,
741 2952 826 3035 quod
849 2951 944 3016 facile
967 2950 1115 3036 intellegi

114 3046 236 3125 posset,
259 3041 391 3124 plurimi
413 3039 557 3126 fecerat),
579 3040 642 3106 hoc
660 3044 806 3124 tempore
824 3039 901 3104 data
914 3043 964 3103 ast
977 3038 1116 3103 Ilumeni

115 3127 321 3213 Cappadocia
348 3129 414 3193 sive
440 3129 550 3213 potius
578 3128 678 3193 dicta:
709 3149 785 3192 nam
812 3131 883 3191 tum
909 3127 944 3191 in
971 3125 1116 3191 hostium

115 3221 187 3281 erat
204 3220 350 3301 potestat
352 3238 377 3281 e.
336 3216 498 3282 thunc
517 3217 579 3280 sibi
593 3215 762 3282 Perdiccas
786 3213 974 3279 adiunxerat
997 3233 1115 3298 magno
1134 3231 1152 3279 a

116 3304 235 3389 studio,
259 3304 375 3389 quod
366 3326 401 3368 1n
422 3303 553 3368 homine
575 3303 672 3370 fidem
695 3308 728 3369 et
750 3302 944 3367 industriam
966 3322 1117 3403 magnam

115 3356 256 3477 videbat,
233 3397 344 3457 tnon
367 3392 460 3456 dubit
446 3396 528 3475 tans,
551 3391 580 3455 si
598 3413 672 3457 eum
689 3389 884 3475 pellexisset,
907 3409 1024 3474 magno
1043 3389 1117 3455 usui

114 3479 186 3545 fore
205 3481 321 3546 sibim
339 3480 387 3546 eis
405 3481 501 3545 rebus
521 3499 600 3566 quas
620 3479 806 3568 apparabat
838 3476 1005 3563 cogitabat
1023 3478 1146 3584 enim,
