2528 4042
328 191 387 246 XV.
405 190 677 248 EPAMINONDAS.
706 199 801 250 8-10.
1025 197 1066 261 61

59 339 200 421 subiret,
227 337 406 401 sedunum
429 335 533 400 abiis
556 337 687 421 petivit,
715 341 753 402 ut
779 338 814 403 in
837 341 984 423 sepulcro
1008 363 1066 406 suo

56 426 289 492 inscriberent:
327 424 579 509 ‘Epaminondas
610 447 629 489 a
655 424 819 491 Thebanis
851 433 956 493 morte
988 430 1102 497 mul-3

59 519 150 580 tatus
183 517 252 598 est,
284 512 370 596 quod
402 534 457 578 eos
489 513 597 599 coigit
629 514 713 598 apud
744 513 884 580 Leuctra
916 539 1066 601 superare

59 601 344 685 Lacedaemonios,
368 622 449 684 quos
468 605 543 666 ante
557 623 591 666 se
612 601 842 686 imperatorem
855 625 951 669 nemo
966 605 1067 672 Boeo

58 697 171 758 torum
195 712 292 754 ausus
316 689 360 753 sit
383 689 525 773 aspicere
543 690 578 753 in
592 691 669 775 acie,
693 692 841 775 quodque
859 714 924 757 uno
942 695 1102 776 proelior

59 804 126 847 non
148 780 257 844 solum
270 776 399 843 Thebas
422 778 463 842 ab
486 777 623 843 interitu
641 780 787 863 retraxit,
811 781 985 846 sedetiam
999 782 1067 846 uni·

59 890 189 936 versam
213 865 383 931 Graeciam
409 866 444 930 in
472 866 660 930 libertatem
682 868 858 933 vindicavit
885 890 987 953 eoque
1014 892 1066 936 res

60 962 274 1038 utrorumque
300 954 465 1039 perduxit,
493 958 532 1019 ut
554 954 700 1019 Thebani
724 954 876 1041 Spartam
904 979 1067 1044 oppugna·

61 1049 149 1129 rent,
174 1043 420 1108 Lacedaemonii
444 1042 524 1107 satis
546 1042 718 1128 haberent,
748 1045 775 1108 si
798 1045 880 1110 salvi
902 1067 972 1111 esse
995 1069 1067 1131 pos-

59 1136 145 1217 sent,
166 1153 271 1215 neque
293 1131 384 1215 prius
402 1131 524 1195 bellare
542 1130 678 1216 destitit,
702 1154 800 1216 quam
813 1133 960 1199 Messene
974 1135 1067 1200 resti·
1085 1151 1101 1202 5

58 1226 136 1288 tuta
149 1221 263 1286 urbem
277 1241 390 1284 eorum
404 1219 572 1284 obsidione
586 1219 724 1285 clausit?
746 1221 826 1287 haee
836 1244 909 1287 cum
923 1223 1068 1309 dixisset,

59 1310 148 1376 risus
172 1309 316 1374 omnium
339 1329 413 1371 cum
435 1307 601 1372 hilaritate
624 1313 756 1374 coortus
777 1314 836 1396 est,
858 1333 962 1394 neque
982 1313 1067 1395 quis·

61 1419 164 1482 quam
184 1397 278 1462 iudex
302 1417 399 1460 ausus
423 1399 474 1461 est
496 1397 535 1460 da
558 1418 596 1462 eo
623 1395 707 1463 ferre
735 1399 933 1486 suffragium
978 1400 1068 1465 sica

64 1485 184 1551 iudicio
206 1485 322 1569 capitis
345 1484 486 1549 maxima
509 1484 658 1551 discessit
681 1487 793 1573 gloria.

155 1571 217 1638 Hic
241 1577 385 1638 extremo
406 1577 552 1656 temporo
570 1573 749 1656 imperator
765 1576 850 1658 apud
864 1575 1066 1640 Mantineam
1084 1577 1104 1642 9

63 1685 137 1729 cum
160 1662 228 1727 acie
251 1662 412 1726 instructa
434 1661 585 1726 audacius
607 1661 746 1726 instaret
768 1662 894 1747 hostes,
916 1664 1066 1749 cognitus

62 1773 82 1817 a
104 1749 379 1834 Lacedaemoniis,
402 1749 488 1832 quod
510 1749 545 1813 in
567 1749 662 1813 unius
685 1751 826 1834 pernicie
850 1751 919 1815 eius
941 1752 1067 1834 patriae

62 1840 163 1906 sitam
185 1839 348 1923 putabant
374 1837 526 1922 salutem,
548 1837 691 1902 universi
719 1838 754 1903 in
779 1860 881 1904 unum
908 1838 1067 1924 impetum

61 1927 210 1994 fecerunt
231 1948 335 2010 neque
358 1925 447 2010 prius
471 1926 706 2010 abscesserunt,
729 1948 826 2010 quam
839 1949 958 2013 magna
972 1928 1067 1993 caede

62 2017 144 2083 edita
163 2015 339 2098 multisque
358 2014 473 2079 occisis
490 2013 668 2079 fortissime
687 2015 795 2098 ipsum
808 2015 1067 2100 Epaminondam

47 2107 278 2191 pugnantem,
300 2124 396 2186 sparo
420 2103 544 2168 eminus
566 2124 770 2187 percussum,
794 2104 960 2170 concidere
982 2105 1067 2170 vide-

25 2260 27 2266 ,
63 2198 149 2260 runt.
194 2192 290 2257 huius
318 2213 395 2257 casu
426 2191 629 2275 aliquantum
654 2193 813 2257 retardati
842 2198 918 2258 sunt
940 2193 1101 2278 Boeotia

63 2302 167 2367 neque
204 2283 313 2344 tamen
348 2279 439 2364 prius
479 2301 588 2366 pugna
624 2283 846 2363 excessemmt,
888 2303 985 2363 quam
1021 2303 1068 2345 re

64 2373 248 2457 pugnantes
280 2368 503 2454 profligarunt.
549 2373 584 2430 at
610 2367 866 2451 Epaminondas,
897 2389 971 2432 cum
1003 2368 1102 2433 ani-3

64 2459 282 2524 madverteret
304 2455 508 2521 mortiferum
531 2477 566 2520 se
583 2455 700 2520 vulnus
719 2455 880 2539 accepisse
899 2455 1068 2541 simulque,

64 2549 92 2613 si
115 2547 248 2630 ferrum,
272 2545 357 2628 quod
381 2566 420 2609 ex
441 2543 554 2608 hastili
577 2543 612 2608 in
634 2565 768 2626 corpore
786 2548 995 2628 remanserat,
1018 2566 1069 2609 ex·

64 2635 228 2719 traxisset,
250 2634 392 2698 animam
404 2633 518 2697 statim
532 2631 734 2716 emissurum,
756 2653 857 2716 usque
872 2654 909 2697 eo
924 2633 1069 2718 retinuit,

66 2723 172 2808 quoad
195 2723 416 2786 renuntiatum
439 2724 490 2784 est
512 2720 627 2785 vicisse
649 2720 801 2785 Boeotos.
839 2721 872 2785 id
895 2726 1069 2806 postquam
1087 2740 1102 2786 4

67 2811 198 2895 audivit,
216 2809 320 2874 ‘satis’
335 2810 442 2893 inquit
456 2808 548 2872 ‘vixit
570 2809 709 2873 invictus
725 2809 811 2874 enim
824 2809 967 2875 morior?
998 2815 1069 2874 tum

66 2899 152 2964 ferro
177 2903 323 2963 extracto
347 2897 518 2962 confestim
541 2897 743 2962 exanimatus
767 2902 825 2961 est.

152 2986 217 3052 Hic
248 3008 381 3051 uxorem
411 3007 588 3069 numquam
619 2985 719 3049 duxit.
764 2986 799 3049 in
826 3007 890 3070 quo
919 3006 991 3049 cum
1022 2985 1121 3050 re-10

64 3076 317 3162 prehenderetur
331 3096 350 3137 a
363 3073 526 3158 Pelopida,
549 3073 604 3157 qui
624 3073 728 3137 filium
745 3073 888 3137 habebat
906 3072 1069 3155 infamem,

64 3165 214 3248 maleque
242 3184 316 3228 eum
342 3162 377 3225 in
404 3183 441 3226 eo
468 3162 593 3245 patriae
622 3162 788 3227 consulere
817 3161 950 3245 diceret,
984 3160 1069 3243 quod

64 3254 187 3319 liberos
210 3273 276 3317 non
298 3249 503 3333 relinqueret,
525 3248 620 3314 ‘vide'
642 3250 750 3333 inquit
763 3248 814 3312 ‘ne
833 3252 870 3313 tu
890 3249 982 3332 peius
997 3269 1069 3312 con·

65 3343 169 3426 sulae,
199 3341 254 3424 qui
282 3339 382 3403 talem
409 3358 449 3401 cx
475 3341 508 3401 tc
535 3342 648 3402 natum
671 3338 843 3402 relicturus
867 3336 921 3401 sis.
965 3353 1103 3420 nequer

63 3451 141 3496 vero
166 3429 266 3512 stirps
289 3430 399 3512 potest
421 3424 502 3489 mihi
525 3424 648 3491 deesse:
670 3446 808 3509 namque
832 3447 871 3490 ex
889 3447 940 3488 me
958 3429 1070 3489 natam

64 3519 214 3602 relinquo
241 3538 381 3602 pugnam
410 3513 626 3600 Leuctricam,
659 3536 740 3597 quae
771 3535 837 3578 non
866 3512 961 3578 modo
989 3514 1070 3578 mihi
