2528 4042
143 183 188 248 44
473 182 521 238 XI.
540 182 764 240 IPHICRATES.
792 191 816 239 8.

108 343 126 393 ι
145 328 305 394 rationem
328 327 388 414 sui,
411 329 467 393 sed
489 328 658 395 inlabere
680 329 778 394 nimis
801 329 955 396 remissus
973 351 1157 414 parumque

144 416 289 501 patiens,
319 420 358 481 ut
389 415 618 502 Theopompus
650 419 827 484 memoriae
857 418 1017 504 prodidit,
1048 418 1157 482 bonus

144 526 221 570 vero
249 505 329 572 civis
356 506 483 590 fideque
511 526 638 591 magna.
684 506 868 589 quodcum
895 507 930 572 in
959 505 1032 571 aliis
1055 507 1158 570 rebus

10 593 14 600 ’
145 593 331 681 declaravit,
353 599 425 661 tum
447 595 586 658 maxime
604 595 639 657 in
655 592 818 678 Amyntae
836 594 1023 661 Macedonis
1040 594 1158 659 liberis

145 683 283 748 tuendis.
328 705 468 767 namque
495 681 670 765 Eurydice,
700 686 806 747 mater
828 682 1001 749 Perdiccae
1024 686 1057 748 et
1079 681 1158 746 Phi·

145 770 237 856 lippi,
260 794 334 837 cum
351 772 403 835 his
422 770 548 834 duobus
566 770 676 853 pueris
694 769 841 854 Amynta
859 775 947 836 mort
948 793 990 836 uo
1009 771 1050 846 ad
1067 770 1158 854 Iphi·

110 864 217 924 acrat
219 883 259 925 en
282 858 430 943 confugit
453 857 585 941 eiusque
609 858 725 942 opibus
749 858 882 924 defensa
904 864 964 924 est.
1009 858 1092 923 vixit
1114 859 1158 924 ad

148 952 347 1013 senectutem
369 946 562 1031 placatisin
581 967 615 1011 se
635 968 768 1012 suorum
786 947 905 1012 civium
923 946 1051 1012 animis.
1084 969 1158 1012 cau·

148 1057 218 1100 sam
241 1035 312 1118 oapi
314 1034 358 1099 tis
314 1036 482 1099 tsemel
506 1035 601 1119 dixit,
622 1035 711 1101 bello
735 1035 863 1119 sociali,
886 1035 984 1100 simul
1007 1056 1081 1099 cum
1103 1035 1159 1100 'Ii-

111 1138 128 1186 4
147 1123 287 1206 motheo,
306 1144 408 1207 eoque
426 1123 545 1189 iudicio
565 1086 617 1188 es't
634 1125 813 1189 absolutus.
846 1123 1036 1189 Menesthea
1049 1123 1159 1188 filium

146 1210 280 1292 reliquit
302 1233 341 1275 ex
363 1211 524 1276 Thraessa
545 1216 676 1294 natum,
699 1210 774 1277 Coti
797 1213 884 1298 regis
906 1212 983 1276 filia.
1028 1211 1057 1275 is
1080 1233 1158 1276 cum

146 1298 417 1384 interrogaretur,
448 1303 559 1364 utrum
585 1299 703 1384 pluris,
732 1304 861 1383 patrem
888 1305 1082 1385 matremne,
1109 1299 1159 1364 fa·

147 1390 243 1470 aeret,
267 1386 428 1452 ‘matrem'
451 1387 566 1470 inquit.
601 1387 635 1450 id
658 1409 732 1451 eum
755 1388 905 1452 omnibus
929 1389 1048 1452 mirum
1070 1388 1158 1453 vide·

147 1477 245 1559 retur,
269 1475 381 1539 atille
404 1473 545 1539 ‘merito'
568 1474 676 1558 inquit
699 1473 810 1538 ‘faciet
832 1497 909 1538 nam
929 1479 1032 1558 pater,
1056 1497 1157 1557 quan·

147 1565 218 1627 tum
240 1563 275 1628 in
298 1585 332 1628 se
350 1563 423 1649 fuit,
445 1563 623 1632 Thraecem
641 1584 693 1627 me
712 1562 834 1648 genuit,
857 1566 972 1627 contra
990 1584 1028 1625 ea
1049 1568 1158 1629 mater

147 1649 402 1718 Atheniensem?

546 1791 757 1802 ------

474 1953 552 2025 XlI.
581 1952 829 2026 OHABRIAS.

115 2092 132 2156 1
237 2089 396 2156 Chabrias
414 2089 634 2166 Atheniensis.
670 2090 724 2154 hic
748 2110 876 2172 quoque
894 2090 930 2154 in
948 2088 1083 2154 summis
1100 2090 1158 2155 ha·

148 2178 238 2244 bitus
257 2183 308 2244 est
326 2178 461 2244 ducibus
475 2199 591 2261 resque
606 2179 727 2242 multas
742 2177 899 2242 memoria
913 2177 1027 2264 dignas
1042 2179 1158 2263 gessit.

149 2267 205 2332 sed
232 2289 272 2333 ex
299 2266 341 2332 iis
370 2268 476 2332 elucet
502 2266 642 2331 maxime
669 2267 837 2331 inventum
864 2266 933 2331 eius
960 2267 995 2331 in
1021 2267 1158 2353 proelio,

149 2356 236 2439 quod
255 2355 340 2440 apud
353 2354 482 2420 Thebas
500 2354 588 2438 fecit,
607 2376 680 2419 cum
693 2353 827 2420 Boeotis
845 2355 989 2419 subsidio
1004 2355 1158 2421 venisset.

113 2459 287 2528 unamque
310 2444 346 2508 in
369 2465 406 2508 eo
429 2443 568 2509 victoria
585 2443 739 2507 fidentem
759 2465 921 2507 summum
940 2443 1053 2507 ducem
1071 2444 1160 2529 Age·

150 2533 280 2616 silaum,
312 2532 436 2618 fugatis
467 2532 534 2596 iam
561 2531 602 2596 ab
631 2552 669 2596 eo
698 2531 908 2596 conducticiis
939 2531 1091 2616 catervis,
1122 2553 1158 2598 eo

147 2621 318 2700 frustratus
343 2625 400 2704 cst,
429 2621 512 2702 quod
536 2619 695 2702 reliquam
726 2619 921 2704 phalangem
951 2619 1022 2683 loco
1050 2622 1159 2686 vetuit

150 2708 261 2772 cedere
284 2707 467 2808 obnixoque
489 2728 575 2792 genu
594 2711 696 2792 scuto,
718 2707 865 2791 proiecta
881 2707 979 2771 hasta
996 2707 1158 2791 impetum

150 2797 295 2879 excipere
313 2795 459 2860 bostrum
478 2795 596 2860 docuit
625 2795 659 2860 id
676 2817 796 2860 novum
809 2794 983 2896 Agesilaus
998 2800 1158 2862 contuens

149 2884 301 2970 progredi
324 2905 390 2949 non
413 2886 463 2948 est
486 2905 584 2948 ausus
608 2905 747 2967 suosque
770 2884 836 2947 iam
854 2883 1055 2948 incurrentes
1074 2887 1159 2950 tuba

113 2971 322 3038 erevocavit.
366 2973 430 3037 hcc
456 2993 559 3056 usque
587 2993 625 3036 eo
653 2974 725 3036 tota
690 2968 885 3035 tGraecia
906 2970 994 3036 fama
1017 2973 1157 3039 celebra-

149 3065 220 3126 tum
250 3065 314 3145 est,
286 3064 383 3124 tut
414 3059 471 3125 illo
504 3063 572 3125 stat
571 3082 594 3124 u
557 3057 780 3125 tChabrias
813 3059 877 3124 sibi
909 3064 976 3124 stat
977 3082 1053 3124 uam
1084 3062 1157 3127 fieri

148 3149 297 3232 voluerit,
321 3170 402 3231 quae
425 3148 554 3232 publice
573 3171 603 3213 e1
594 3148 658 3212 ab
673 3146 952 3213 Atheniensibus
943 3170 978 3212 1n
991 3147 1063 3212 foro
1082 3171 1158 3215 con·

149 3239 268 3302 stituta
282 3241 341 3300 est.
372 3259 411 3301 ex
425 3258 488 3319 quo
503 3236 626 3301 factum
641 3239 691 3299 est
705 3238 743 3299 ut
757 3241 920 3337 posteat
885 3259 905 3301 a
906 3237 990 3301 tthle
976 3240 1028 3300 tae
1044 3239 1158 3302 ceteri-

150 3347 211 3410 que
230 3324 411 3390 artifices
389 3346 430 3389 us
450 3324 623 3388 statibus
610 3343 645 3387 eu
664 3326 731 3387 stat
696 3324 783 3389 auis
802 3325 958 3409 ponendis
976 3329 1158 3412 uterentur,

150 3414 266 3495 quibus
290 3413 462 3478 victoriam
484 3416 593 3476 essent
615 3410 733 3494 adepti.

114 3500 135 3564 2
238 3499 396 3566 Chabrias
426 3505 535 3566 autem
563 3499 702 3564 multa'
693 3523 727 3565 m
749 3499 882 3587 Europa
911 3500 995 3566 bella
1022 3501 1158 3568 admini-
