2528 4042
399 178 498 234 XXIII.
516 179 714 236 HANNIBAL.
742 189 820 238 3-5.
1069 185 1110 250 91

109 322 198 406 fecit,
220 323 338 387 itinera
360 325 494 409 muniit,
517 325 622 389 effecit
644 329 682 389 ut
705 348 743 392 ea
765 327 955 412 elephantus
979 333 1113 395 ornatus

108 416 157 480 ire
181 416 300 497 posset,
324 434 387 496 qua
410 417 506 477 antea
527 435 609 477 unus
631 413 730 479 homo
753 415 885 480 inermis
908 417 962 482 vix
983 421 1114 501 poterat

109 523 232 586 repere.
267 501 330 565 hac
353 501 463 584 copias
487 501 631 566 traduxit
653 502 688 566 in
710 500 905 587 Italiamque
927 506 1083 588 pervenit.

198 588 397 655 Conflixerat
419 589 504 672 apud
522 589 716 655 Rhodanum
738 612 811 657 cum
829 591 865 656 P.
879 591 1029 658 Cornelio
1048 591 1114 658 Sci·
1131 594 1153 658 4

108 680 207 765 pione
239 677 370 766 consule
402 699 538 761 eumque
569 678 748 762 pepulerat.
802 700 876 745 cum
908 680 970 745 hoc
1002 681 1114 746 eodem

109 765 263 835 Clastidii
290 765 375 849 apud
402 765 527 831 Padurn
559 766 703 832 decernit
735 768 943 851 sauciumque
975 768 1049 833 inde
1078 789 1115 833 ac

110 857 262 941 fugatum
285 855 431 918 dimittit.
468 854 566 919 tertio
588 855 675 920 idem
695 853 802 940 Scipio
827 877 901 922 cum
924 855 1150 941 collega'Ti.a

109 943 225 1028 Longo
258 943 343 1026 apud
369 941 520 1007 Trebiam
547 943 699 1008 adversus
727 966 800 1008 eum
827 945 924 1009 venit
970 966 1043 1009 cum
1072 944 1113 1008 iis

112 1053 243 1097 manum
267 1030 443 1114 conseruit,
469 1035 625 1114 utrosque
648 1031 843 1117 profligavit
887 1032 961 1097 inde
983 1054 1042 1117 per
1063 1031 1115 1096 Li-

112 1141 209 1207 gures
231 1119 461 1203 Appenninum
483 1119 624 1203 transiit,
646 1123 761 1203 petens
783 1119 959 1186 Etruriam.
995 1121 1058 1186 hoc
1079 1121 1150 1185 aaa

111 1210 227 1274 itinera
247 1208 325 1271 adeo
344 1206 436 1291 gravi
455 1208 569 1271 morbo
588 1207 729 1272 afficitur
748 1208 924 1294 oculorum,
946 1213 984 1273 ut
1001 1212 1116 1293 postea

110 1317 288 1381 numquam
311 1295 423 1359 dextro
448 1315 547 1379 aeque
571 1295 650 1360 bene
668 1317 746 1361 usus
765 1296 818 1361 sit
851 1319 915 1380 qua
932 1296 1115 1362 valetudine

112 1408 186 1452 cum
205 1384 382 1448 etiamnum
403 1387 603 1467 premeretur
625 1384 804 1467 lecticaque
823 1384 972 1470 ferretur,
994 1384 1029 1451 0.
1043 1383 1116 1450 Fla·

111 1474 249 1539 minium
276 1472 441 1536 consulem
468 1472 553 1556 apud
579 1472 836 1538 Trasumennum
867 1495 940 1539 cum
972 1473 1116 1538 exercitu

111 1561 238 1628 insidiis
254 1561 508 1626 circumventum
521 1560 647 1644 occidit,
661 1582 764 1643 neque
779 1561 882 1624 multo
896 1565 973 1645 post
986 1559 1021 1626 (l.
1036 1559 1116 1627 Gen-

111 1650 237 1716 tenium
258 1651 443 1731 praetorem
465 1669 539 1710 cum
561 1647 686 1712 delecta
708 1670 805 1712 manu
834 1648 936 1712 saltus
960 1670 1115 1731 occupan-

110 1744 189 1805 tem.
220 1736 297 1799 hinc
310 1733 680 1817 inApnliampervenit.
711 1735 758 1799 ibi
773 1735 901 1800 obviam
916 1737 946 1800 ei
959 1740 1151 1800 uenerunta

113 1828 177 1890 duo
202 1823 359 1905 consulas,
381 1820 416 1887 O.
434 1821 604 1886 Terentius
628 1826 662 1887 et
683 1822 719 1887 L.
745 1822 910 1892 Aemilius.
946 1825 1115 1907 utriusque

113 1912 273 1978 exercitus
296 1931 361 1974 uno
384 1909 508 1993 proelio
531 1909 666 1996 fugavit,
689 1910 827 1976 Paulum
850 1912 1014 1976 consulem
1035 1912 1116 1977 occi·

112 2001 163 2065 dit
186 2004 220 2064 et
243 1998 368 2082 aliquot
389 2003 558 2081 praeterea
581 1999 778 2084 consulares,
804 1999 839 2064 in
861 1999 907 2064 eis
931 1998 988 2066 On.
1012 1999 1116 2066 Servi·

111 2090 195 2154 lium
218 2086 403 2170 Geminum,
426 2087 482 2171 qui
504 2088 669 2171 superiore
692 2110 776 2153 anno
798 2087 906 2152 fuerat
928 2089 1049 2154 consul.

200 2175 272 2240 Hac
293 2195 404 2260 pugna
425 2177 571 2261 pugnata
592 2174 731 2240 Romam
758 2176 923 2260 profectus
950 2178 1041 2241 nullo
1069 2198 1116 2241 re
1134 2175 1155 2241 5

113 2266 248 2331 sistente
266 2264 302 2326 in
319 2263 509 2347 propmquis
527 2264 601 2327 urbi
616 2264 780 2328 montibus
795 2267 941 2327 moratus
955 2267 1014 2327 est.
1042 2285 1116 2328 cum

114 2356 240 2437 aliquot
266 2351 313 2416 ibi
340 2351 408 2415 dies
436 2354 544 2415 castra
565 2351 734 2415 habuisset
756 2355 790 2415 et
812 2349 956 2433 Capuam
978 2354 1116 2414 reverte-

113 2446 211 2524 retur,
235 2439 272 2516 Q.
286 2437 407 2504 Fabius
425 2437 596 2522 Maximus,
619 2438 759 2502 dictator
780 2437 956 2522 Romanus,
978 2438 1014 2502 in
1036 2457 1114 2524 agro

112 2529 251 2596 Falerno
275 2527 305 2592 ei
328 2549 362 2592 sa
386 2526 514 2592 obiecit.
558 2526 612 2591 hic
635 2527 763 2591 clausus
785 2525 931 2592 locorum
954 2526 1114 2611 angustiis
1133 2543 1150 2592 2

112 2622 212 2685 noctu
235 2617 303 2680 sine
325 2615 393 2681 ullo
417 2614 611 2679 detrimento
634 2614 794 2679 exercitus
817 2635 851 2679 se
874 2614 1037 2698 expedivit
1054 2613 1115 2680 Fa·

112 2707 240 2790 bioque,
262 2703 472 2769 callidissimo
495 2702 693 2787 imperatori,
715 2702 804 2767 dedit
825 2702 931 2767 rerba
976 2725 1115 2787 namque

114 2795 254 2860 obducta
275 2796 370 2857 nocte
394 2795 557 2856 sarmenta
579 2791 613 2855 in
636 2791 786 2856 cornibus
809 2790 1018 2855 iuvencorum
1040 2793 1116 2856 deli-

114 2886 192 2968 gata
213 2880 357 2945 incendit
379 2881 511 2963 eiusque
539 2879 665 2964 generis
693 2879 935 2944 multitudinem
963 2899 1115 2964 magnam

114 2970 309 3054 dispalatam
331 2967 476 3032 immisit.
523 2989 586 3051 quo
609 2967 777 3051 repentino
800 2968 872 3033 visu
896 2966 1024 3031 obiecto
1047 2970 1116 3030 tan-

112 3063 184 3123 tum
206 3063 364 3122 terrorem
386 3055 497 3121 iniecit
519 3056 674 3122 exercitui
692 3055 923 3138 Romanorum,
945 3059 983 3119 ut
1006 3053 1116 3139 egredi

112 3151 205 3212 extra
227 3145 349 3209 uallum
370 3165 465 3208 nemo
488 3143 533 3208 sit
551 3165 657 3209 ausus.
693 3144 777 3208 hanc
798 3146 875 3227 post
897 3164 966 3207 rem
989 3146 1150 3227 gestama

111 3257 178 3300 non
196 3234 246 3297 ita
263 3231 376 3296 multis
397 3230 509 3295 diebus
523 3230 567 3295 M.
580 3231 759 3296 Minucium
772 3230 903 3314 Rufum,
922 3231 1117 3315 magistrum

112 3323 260 3406 equitum
282 3319 354 3404 pari
377 3339 415 3383 ac
438 3318 631 3384 dictatorem
653 3319 803 3404 imperio,
826 3319 900 3383 dolo
922 3319 1117 3401 productum

111 3414 146 3476 ln
158 3409 319 3495 proelium
332 3406 467 3509 fugavit.
490 3405 537 3506 Ti.
553 3404 779 3509 Sempronium
785 3404 985 3508 .Gr.²⁰.⁰h¹¹¹.¹²>
998 3406 1117 3471 iterum

111 3498 296 3581 consulem,
331 3517 366 3560 m
396 3493 536 3560 Lucams
569 3496 685 3560 absens
716 3515 751 3559 m
782 3495 915 3559 msrdias
949 3494 1117 3560 inductum
