2528 4042
74 177 77 180 ‘
127 119 130 127 Ι
160 167 204 232 30
449 164 509 221 VII.
528 139 750 220 ALCIBIADES.
778 171 819 220 ro.
839 170 881 222 11.

110 311 151 376 10
248 309 320 376 Hoc
344 332 417 376 cum
439 309 609 374 moliretur
630 312 819 393 peteretque
842 331 862 374 ι
882 309 1103 392 Pharnabazo,
1126 312 1164 373 ιι

160 399 200 464 ad
223 419 333 484 regem
351 398 396 463 mi
398 401 546 483 t,teretur
569 397 680 462 eodem
698 401 843 481 tempore
862 395 942 463 Oris
918 402 980 462 tras
1000 359 1164 480 ceterique

160 487 359 571 tyrannit
313 485 561 551 Atheniensium
589 489 694 550 certos
721 485 884 550 homines
896 486 937 550 ad
959 483 1165 587 Lysandrum

160 575 195 640 in
216 575 331 639 Asiam
353 573 522 658 miserant,
550 573 606 656 qui
629 595 703 637 eum
724 573 896 638 certiorem
918 573 1076 656 facerent,
1098 573 1164 638 nisi

159 662 363 729 Alcibiadem
386 667 456 727 sust
442 625 581 745 tulidset,
602 660 685 724 nihil
704 681 815 726 earum
832 683 940 726 rerum
957 661 1026 726 fore
1045 664 1164 746 ratum,

161 772 241 836 quas
274 752 343 834 ipse
370 748 509 813 Athenis
537 711 774 815 cobstituisset:
806 770 917 834 quare,
950 749 978 813 si
1008 770 1083 814 suas
1112 770 1164 814 res

126 844 272 926 egestas
295 858 424 902 manere
447 837 559 921 vellet,
585 836 678 901 illum
700 842 955 921 persequeretur.
999 837 1052 901 his
1075 835 1164 903 Laco

161 929 257 992 rebus
281 929 462 990 commotus
486 887 603 990 statuit
626 925 808 990 accuratius
827 925 891 991 sibi
910 925 1071 1012 agendum
1089 946 1165 990 cum

160 1014 379 1079 Pharnabazo.
412 1013 487 1079 huie
506 1033 584 1099 ergo
603 1013 768 1078 renuntiat
787 1034 868 1096 quae
886 1013 956 1099 regi
975 1034 1049 1078 cum
1067 1012 1165 1080 Lace·

161 1102 337 1167 daemoniis
370 1101 608 1185 convenissent,
628 1101 703 1166 <nisi
730 1100 933 1166 Alcibiadem
964 1101 1075 1166 ιιιιιιι
1107 1106 1185 1167 ιιι·

126 1207 142 1254 ι
161 1194 326 1254 mortuum
353 1189 416 1254 sibi
443 1189 638 1254 tradidisset.
681 1210 748 1254 non
773 1189 852 1254 tulit
872 1189 936 1254 hoc
959 1193 1107 1274 satrapes
1130 1194 1164 1255 et

160 1277 282 1343 violare
315 1277 520 1342 clementiam
552 1299 714 1360 quame
680 1299 714 1342 re
751 1298 766 1341 s
797 1298 873 1360 opes
904 1276 1007 1342 minui
1037 1277 1163 1344 maluit

160 1366 271 1449 itaque
293 1365 384 1429 misit
407 1363 632 1431 Susamithren
654 1368 688 1429 ct
739 1387 874 1450 agaeum
897 1364 937 1429 ad
960 1365 1163 1431 Alcibiadem

160 1453 431 1537 interficiendum,
460 1475 534 1519 oum
560 1454 616 1517 ille
643 1453 761 1517 essct
751 1474 787 1516 m
808 1451 957 1554 Phrygia·
973 1453 1098 1537 iterque
1123 1454 1163 1519 ad

124 1556 271 1627 lregcm
294 1546 504 1626 compararet.
540 1541 632 1606 missi
650 1541 734 1606 clam
756 1540 957 1625 vicinitati,
948 1563 983 1606 ιιι
1005 1563 1068 1625 qua
1090 1545 1163 1607 tum

160 1629 346 1695 Alcibiades
373 1633 457 1715 erat,
489 1630 567 1694 dant
592 1629 761 1714 negotium
787 1633 826 1693 ut
852 1650 925 1694 eum
957 1628 1161 1694 interficiant

160 1719 210 1782 illi
233 1740 307 1784 cum
328 1718 415 1783 ferro
438 1717 572 1803 aggredi
594 1738 661 1783 non
679 1717 841 1802 auderent,
863 1720 963 1782 noctu
981 1717 1068 1803 ligna
1086 1737 1160 1781 con-

160 1807 306 1871 tulerunt
329 1806 414 1871 circa
437 1828 545 1872 casam
567 1826 652 1890 eam,
681 1806 716 1869 in
743 1827 807 1888 qua
834 1806 1034 1889 quiescebat,
1060 1825 1159 1889 eaque

161 1895 401 1978 succenderunt,
422 1898 460 1958 ut
482 1893 629 1958 incendio
649 1893 851 1977 conficerent,
874 1915 969 1977 quem
992 1913 1090 1958 manu
1112 1913 1162 1958 su·

126 1983 266 2065 operari
279 2002 375 2065 posse
389 1980 587 2045 diffidebant
622 1980 677 2045 ille
697 1985 805 2045 autem
822 1985 860 2045 ut
883 1982 991 2046 sonitu
1014 1980 1162 2046 flammae

161 2073 212 2133 est
230 2069 398 2153 excitatus,
421 2068 483 2132 etsi
502 2068 628 2153 gladius
648 2068 677 2132 ei
695 2072 765 2133 erat
784 2069 969 2154 subductus,
990 2068 1162 2134 familiaris

161 2157 212 2220 sui
235 2157 383 2221 subalare
407 2156 510 2221 telum
533 2156 660 2239 eripuit.
695 2178 833 2240 namque
857 2162 927 2222 erat
945 2179 1019 2222 cum
1037 2156 1076 2222 eo
1095 2157 1163 2241 qui-

161 2245 235 2308 dam
258 2266 297 2309 cx
319 2242 459 2310 Arcadia
480 2244 612 2328 hospes,
642 2244 697 2328 qui
724 2266 902 2329 numquam
924 2245 1087 2310 discedere
1111 2267 1163 2310 ιο-

161 2333 274 2398 lucrat.
309 2333 395 2398 hunc
411 2333 511 2416 ‚sequi
534 2354 568 2397 se
590 2332 682 2396 iubet
704 2336 738 2396 et
759 2333 793 2397 id
816 2333 901 2416 quod
923 2333 958 2397 in
979 2333 1162 2417 praesentia

161 2422 430 2487 vestimentorum
461 2419 526 2485 fuit
557 2421 688 2504 arripit.¹
725 2420 777 2486 his
807 2421 842 2486 in
870 2422 980 2507 ignem
1008 2421 1161 2488 coniectis

127 2509 310 2573 ofiammae
340 2509 406 2574 vim
438 2509 578 2573 transiit.
623 2530 718 2591 quem
749 2513 787 2574 ut
818 2509 948 2574 barbari
979 2510 1163 2575 incendium

163 2597 313 2680 effugisse
342 2597 505 2680 viderunt,
536 2596 611 2660 telis
639 2597 764 2661 eminus
791 2597 900 2662 missis
931 2596 1163 2664 interfecerunt

163 2687 323 2767 caputque
342 2684 410 2748 eius
429 2685 469 2749 ad
487 2683 733 2749 Pharnabazum
751 2686 955 2750 rettulerunt.
985 2690 1020 2750 at
1038 2687 1163 2768 mulier,
1205 2762 1207 2769 Ι

163 2793 243 2856 quae
262 2793 336 2836 cum
355 2792 392 2835 eo
411 2773 516 2837 vivere
535 2777 714 2857 consuerat,
736 2773 886 2837 muliebri
905 2795 963 2838 sua
980 2777 1071 2839 veste
1091 2795 1163 2840 con·
1204 2772 1207 2841 ἶ

162 2863 285 2924 tectum
308 2860 445 2925 aedificii
467 2860 614 2926 incendio
638 2865 803 2926 mortuum
825 2861 989 2947 cremavit,
1013 2862 1101 2946 quod
1125 2861 1162 2928 ad

161 2949 271 3013 vivum
288 2948 537 3013 interimendum
555 2953 625 3013 erat
643 2952 875 3032 comparatum.
911 2950 958 3015 sic
976 2948 1161 3016 Alcibiades

163 3058 263 3101 annos
282 3036 411 3102 circiter
428 3037 620 3124 quadragint
621 3059 641 3101 a
606 3040 754 3101 tnatus
773 3036 857 3100 diem
871 3038 954 3103 obiit
947 3059 1162 3140 ‘supremum

111 3124 150 3189 11
250 3122 345 3189 Hunc
363 3124 556 3190 infamatum
570 3148 590 3188 a
602 3125 764 3208 plerisque
783 3130 850 3189 tres
865 3126 1049 3213 gravissimi
1039 3126 1162 3194 histo
1204 3102 1207 3163 ¹

162 3212 221 3277 rici
236 3213 370 3277 summis
394 3214 543 3278 laudibus
558 3212 755 3276 extulerunt.
777 3213 988 3299 Thucydides,
1011 3215 1068 3297 qui
1082 3216 1162 3282 eius·

163 3301 234 3364 dem
258 3301 374 3366 aetatis
397 3300 475 3385 fuit,
502 3300 743 3385 Theopompus,
769 3307 845 3386 post
868 3303 1034 3385 aliquanto
1057 3308 1161 3406 natus,

163 3393 196 3452 et
217 3388 381 3454 Timaeus.
412 3389 467 3472 qui
494 3388 623 3472 quidem
646 3388 709 3453 duo
733 3390 1030 3455 maledicentissimi
1052 3393 1161 3458 nescio

128 3492 226 3560 aquo
249 3477 345 3542 modo
367 3479 402 3541 in
423 3477 480 3541 illo
503 3497 568 3540 uno
591 3477 749 3543 laudando
773 3478 986 3545 consentiunt.
1023 3499 1160 3565 namquo
