2528 4042
145 188 191 253 40
523 179 556 240 x.
575 183 673 242 mou
702 192 726 240 c.
746 191 771 242 τ.

146 333 268 398 talibus
291 330 498 416 pactionibus
520 352 634 415 pacem
655 335 812 415 tyrannus
834 331 939 398 lacere
962 333 1074 398 vellet:
1102 332 1152 400 si-

148 421 257 488 ciliam
283 419 371 484 Dion
398 419 574 504 obtineret,
601 419 732 484 Italiam
754 419 944 508 Dionysius,
971 419 1152 505 Syracusas

147 509 385 594 Apollocrates,
399 508 451 573 cui
465 508 638 573 maximam
651 507 747 571 fidem
756 510 814 573 uni
826 509 976 575 habebat
994 509 1153 575 Dionae*

110 598 133 662 6
235 596 306 662 Has
333 600 402 661 tam
428 616 599 680 prosperas
627 598 759 676 tamque
786 596 971 681 inopinatas
998 620 1049 663 ros
1078 620 1154 664 con·

71 745 73 749 .
148 690 261 752 secuta
283 691 334 751 est
357 685 464 750 subita
487 683 711 766 commutatio,
740 685 826 767 quod
848 685 982 752 fortuna
1003 708 1062 751 sua
1084 710 1154 753 mo·

148 776 293 860 bilitato,
324 795 420 857 quem
450 771 546 856 paulo
578 774 653 835 ante
681 771 855 856 extulerat,
887 775 1072 861 demergere
1100 781 1154 842 est

111 881 130 930 a
149 865 271 929 adorta
306 862 447 946 primum
470 859 504 923 in
525 858 603 942 filio,
626 858 664 922 de
687 880 751 942 quo
770 864 1021 928 commemoravi
1044 886 1153 950 supra,

150 975 242 1018 suam
259 949 325 1015 vim
343 947 493 1012 exercuit.
524 967 600 1011 nam
615 967 688 1011 cum
706 969 840 1012 uxorem
857 951 1049 1036 reduxisset,
1069 974 1153 1037 quae

149 1041 205 1105 alii
230 1038 336 1102 linerat
363 1035 497 1118 tradita,
525 1033 691 1117 filiumque
719 1036 818 1101 vellet
843 1059 993 1103 rovocare
1021 1040 1062 1104 ad
1090 1041 1154 1106 rir-

148 1131 252 1192 tutem
275 1146 294 1189 a
315 1124 442 1208 perdita
464 1123 604 1207 luxuria,
634 1124 759 1208 accepit
781 1126 1010 1210 gravissimum
1032 1151 1152 1212 parens

112 1234 129 1282 a
147 1215 262 1280 vulnus
281 1216 386 1278 morte
405 1211 472 1276 filii
502 1209 614 1274 deindo
634 1215 707 1276 orta
725 1213 883 1279 dissensio
902 1219 953 1279 est
971 1215 1058 1280 inter
1077 1239 1153 1283 eum

147 1306 180 1367 et
202 1300 420 1383 Heraclidem,
447 1299 516 1383 qui,
543 1298 628 1381 quod
652 1300 682 1363 ei
708 1301 929 1385 principatum
950 1325 1016 1369 non
1039 1327 1153 1371 conce·

146 1390 252 1473 debat,
274 1388 450 1453 factionem
468 1387 677 1469 comparavit.
713 1409 817 1472 noque
835 1390 864 1454 is
888 1391 994 1456 minus
1018 1394 1152 1459 valebat

146 1477 232 1562 apud
249 1476 432 1561 optimates,
451 1495 588 1558 quorum
607 1495 765 1539 consensu
782 1483 931 1559 praeerat
949 1481 1056 1563 classi,
1075 1504 1153 1548 cum

110 1566 234 1632 {Dion
265 1565 440 1629 exercitum
475 1562 658 1646 pedestrem
690 1568 824 1629 teneret.
877 1586 944 1630 non
975 1567 1054 1631 tulit
1085 1569 1152 1636 hoo

147 1655 255 1721 animo
278 1673 379 1737 aequo
402 1650 502 1734 Dion,
529 1654 563 1715 et
589 1672 717 1716 versum
744 1651 838 1717 illum
859 1651 995 1717 Homeri
1018 1656 1152 1721 rettulit

147 1766 187 1810 ex
210 1741 347 1809 secunda
370 1739 552 1824 rhapsodia,
574 1739 609 1805 in
632 1762 695 1825 quo
718 1740 799 1805 haec
817 1743 979 1806 sententia
997 1747 1060 1807 est:
1082 1765 1151 1809 non

146 1853 242 1917 posse
273 1832 353 1894 bene
385 1827 455 1913 geri
486 1849 555 1892 rem
590 1829 754 1913 publicam
786 1831 965 1895 multorum
995 1831 1152 1915 imperiis.

147 1920 233 2005 quod
264 1917 386 1982 dictum
413 1936 533 2000 magna
563 1916 685 1981 invidia
715 1922 887 1983 consecuta
915 1922 978 1983 est:
1010 1941 1152 2003 namquo

146 2007 310 2091 aperuisse
332 2004 502 2069 ridebatur
525 2004 634 2069 omnia
655 2004 690 2069 in
710 2026 770 2069 sua
786 2010 951 2090 potestate
970 2028 1040 2072 esse
1059 2008 1152 2074 velle.

110 2095 229 2161 ohanc
255 2094 310 2157 ille
336 2114 403 2157 non
430 2093 530 2157 lenire
559 2093 729 2177 obsequio,
759 2094 815 2158 sed
842 2095 1021 2160 acerbitate
1045 2098 1152 2180 oppri-

146 2204 232 2248 mere
251 2181 385 2265 studuit,
407 2180 683 2265 Horaclidemque,
707 2203 781 2246 cum
800 2178 978 2266 Syracusas
997 2185 1152 2270 venisset,

145 2269 407 2338 interficiundum
431 2270 566 2334 curavit.
1180 2283 1181 2287 ¹

110 2360 131 2426 'l
234 2357 326 2434 Quod
344 2357 468 2423 factum
487 2357 636 2423 omnibus
655 2358 832 2424 maximum
850 2359 1003 2425 timorem
1021 2360 1152 2426 iniecit:

145 2468 239 2513 nemo
254 2446 340 2510 enim
353 2447 412 2512 illo
426 2445 597 2511 interfecto
613 2467 648 2511 se
662 2450 771 2511 tutum
789 2448 936 2531 putabat
969 2448 1025 2512 ille
1040 2453 1152 2515 autem

146 2533 328 2600 adversario
352 2539 477 2600 remoto
500 2534 651 2599 licentius
674 2556 787 2600 eorum
808 2536 903 2619 bona,
926 2558 1007 2619 quos
1028 2537 1153 2603 sciebat

111 2640 128 2690 a
147 2623 297 2689 adversm
322 2644 355 2687 se
378 2622 527 2706 sensisse,
550 2622 709 2688 militibus
733 2624 926 2708 dispertivit.
966 2625 1083 2707 quibus
1107 2626 1154 2691 di·

41 2751 43 2755 <
145 2711 224 2777 visis
244 2732 316 2775 cum
336 2710 505 2775 cottidiani
529 2710 661 2775 maximi
683 2711 798 2776 fierent
821 2717 980 2796 sumptus,
1004 2713 1153 2778 celeriter

145 2798 282 2884 pecunia
305 2799 414 2863 deesse
438 2799 558 2883 coepit,
584 2820 702 2883 nequo,
731 2820 794 2883 quo
818 2821 931 2864 manus
959 2803 1153 2888 po'rrigeret,

147 2886 341 2970 suppetebat
372 2886 436 2951 nisi
468 2886 503 2950 in
535 2887 713 2952 amicorum
743 2888 975 2971 possessiones.
1020 2890 1053 2953 id
1083 2890 1153 2956 eius

145 2974 234 3039 modi
261 2978 345 3058 erat,
374 2979 425 3058 ut,
453 2996 526 3039 cunr
554 2976 676 3040 milites
704 2976 959 3061 reconciliasset,
987 2978 1154 3044 amitteret

109 3078 128 3128 a
147 3062 331 3146 optimates.
369 3084 506 3146 quarum
529 3085 637 3128 rerum
661 3085 738 3128 cura
756 3065 936 3149 angebatur
954 3070 987 3130 et
1005 3066 1153 3132 insuetus

146 3151 230 3215 male
255 3151 404 3216 audiendi
425 3173 493 3217 non
515 3152 623 3216 animo
647 3172 749 3234 aequo
773 3151 909 3238 ferebat,
932 3154 970 3218 de
993 3175 1028 3218 se
1051 3156 1093 3219 ab
1112 3156 1153 3220 iis

146 3240 230 3303 male
254 3239 442 3324 existimari,
466 3261 604 3324 quorum
626 3240 724 3323 paulo
749 3244 823 3305 anto
846 3242 881 3306 in
904 3242 1029 3307 caelum
1046 3242 1155 3309 fuerat

145 3328 250 3391 elatus
274 3327 432 3393 laudibus.
463 3327 579 3413 vulgus
600 3331 710 3392 autem
729 3328 852 3394 offensa
868 3330 904 3394 in
917 3352 991 3394 eum
1009 3331 1155 3396 militum

26 3470 30 3475 .
145 3416 313 3480 voluntate
337 3416 470 3480 liberius
494 3417 690 3499 loquebatur
711 3421 744 3481 et
767 3421 941 3501 tyrannum
963 3440 1031 3483 non
1052 3419 1155 3486 feren-

25 3566 30 3603 ,
145 3503 222 3567 dum
246 3503 429 3569 dictitabat.
