<?xml version="1.0" encoding="UTF-8"?>
<!DOCTYPE html PUBLIC "-//W3C//DTD XHTML 1.0 Transitional//EN"
    "http://www.w3.org/TR/xhtml1/DTD/xhtml1-transitional.dtd">
<html xmlns="http://www.w3.org/1999/xhtml" xml:lang="en" lang="en">
 <head>
  <title>
</title>
<meta http-equiv="Content-Type" content="text/html;charset=utf-8" />
  <meta name='ocr-system' content='tesseract 3.04.00' />
  <meta name='ocr-capabilities' content='ocr_page ocr_carea ocr_par ocr_line ocrx_word'/>
</head>
<body>
  <div class='ocr_page' id='page_1' title='image "./corneliinepotis01halmgoog_0087.png"; bbox 0 0 2528 4042; ppageno 0'>
   <div class='ocr_carea' id='block_1_1' title="bbox 141 175 840 240">
    <p class='ocr_par' dir='ltr' id='par_1_1' title="bbox 141 175 840 240">
     <span class='ocr_line' id='line_1_1' title="bbox 141 175 840 240; baseline -0.009 -2"><span class='ocrx_word' id='word_1_1' title='bbox 141 175 183 240; x_wconf 77' lang='grc'><strong>72</strong></span> <span class='ocrx_word' id='word_1_2' title='bbox 447 177 545 233; x_wconf 86' lang='lat' dir='ltr'><strong>XVIII.</strong></span> <span class='ocrx_word' id='word_1_3' title='bbox 563 176 743 233; x_wconf 83' lang='lat' dir='ltr'><strong>EUMENES.</strong></span> <span class='ocrx_word' id='word_1_4' title='bbox 771 185 795 232; x_wconf 77' lang='lat'><strong>2.</strong></span> <span class='ocrx_word' id='word_1_5' title='bbox 810 184 840 234; x_wconf 76' lang='grc'><strong>-3,</strong></span> 
     </span>
    </p>
   </div>
   <div class='ocr_carea' id='block_1_2' title="bbox 103 321 1150 3485">
    <p class='ocr_par' dir='ltr' id='par_1_2' title="bbox 103 321 1150 3485">
     <span class='ocr_line' id='line_1_2' title="bbox 142 321 1140 409; baseline 0.001 -22"><span class='ocrx_word' id='word_1_6' title='bbox 142 321 228 405; x_wconf 91' lang='lat' dir='ltr'><strong>quod</strong></span> <span class='ocrx_word' id='word_1_7' title='bbox 259 321 326 388; x_wconf 88' lang='lat' dir='ltr'><strong>fere</strong></span> <span class='ocrx_word' id='word_1_8' title='bbox 359 344 470 388; x_wconf 91' lang='lat' dir='ltr'><strong>omnes</strong></span> <span class='ocrx_word' id='word_1_9' title='bbox 502 323 538 388; x_wconf 89' lang='lat' dir='ltr'><strong>in</strong></span> <span class='ocrx_word' id='word_1_10' title='bbox 568 323 694 409; x_wconf 87' lang='lat' dir='ltr'><strong>magnis</strong></span> <span class='ocrx_word' id='word_1_11' title='bbox 726 323 870 409; x_wconf 89' lang='lat' dir='ltr'><strong>imperiis</strong></span> <span class='ocrx_word' id='word_1_12' title='bbox 901 323 1140 409; x_wconf 89' lang='lat' dir='ltr'><strong>concupiscunt,</strong></span> 
     </span>
     <span class='ocr_line' id='line_1_3' title="bbox 103 410 1139 496; baseline 0.002 -22"><span class='ocrx_word' id='word_1_13' title='bbox 103 425 124 473; x_wconf 77' lang='lat'>4</span> <span class='ocrx_word' id='word_1_14' title='bbox 143 410 288 475; x_wconf 88' lang='lat' dir='ltr'><strong>omnium</strong></span> <span class='ocrx_word' id='word_1_15' title='bbox 306 415 416 496; x_wconf 91' lang='lat' dir='ltr'><strong>partes</strong></span> <span class='ocrx_word' id='word_1_16' title='bbox 435 412 595 496; x_wconf 83' lang='lat' dir='ltr'>corripere</span> <span class='ocrx_word' id='word_1_17' title='bbox 613 416 710 495; x_wconf 90' lang='lat' dir='ltr'><strong>atque</strong></span> <span class='ocrx_word' id='word_1_18' title='bbox 730 412 909 496; x_wconf 91' lang='lat' dir='ltr'><strong>complecti.</strong></span> <span class='ocrx_word' id='word_1_19' title='bbox 942 434 1046 496; x_wconf 90' lang='lat' dir='ltr'><strong>neque</strong></span> <span class='ocrx_word' id='word_1_20' title='bbox 1065 433 1139 477; x_wconf 87' lang='lat' dir='ltr'><strong>vero</strong></span> 
     </span>
     <span class='ocr_line' id='line_1_4' title="bbox 142 499 1141 584; baseline 0 -21"><span class='ocrx_word' id='word_1_21' title='bbox 142 499 205 564; x_wconf 91' lang='lat' dir='ltr'><strong>hoc</strong></span> <span class='ocrx_word' id='word_1_22' title='bbox 237 499 293 565; x_wconf 93' lang='lat' dir='ltr'><strong>ille</strong></span> <span class='ocrx_word' id='word_1_23' title='bbox 326 501 414 566; x_wconf 91' lang='lat' dir='ltr'><strong>solus</strong></span> <span class='ocrx_word' id='word_1_24' title='bbox 441 499 532 583; x_wconf 87' lang='lat' dir='ltr'><strong>fecit,</strong></span> <span class='ocrx_word' id='word_1_25' title='bbox 565 500 620 564; x_wconf 90' lang='lat' dir='ltr'><strong>sed</strong></span> <span class='ocrx_word' id='word_1_26' title='bbox 648 500 747 564; x_wconf 89' lang='lat' dir='ltr'><strong>ceteri</strong></span> <span class='ocrx_word' id='word_1_27' title='bbox 776 521 902 583; x_wconf 89' lang='lat' dir='ltr'><strong>quoque</strong></span> <span class='ocrx_word' id='word_1_28' title='bbox 930 521 1053 584; x_wconf 93' lang='lat' dir='ltr'><strong>omnes,</strong></span> <span class='ocrx_word' id='word_1_29' title='bbox 1086 500 1141 584; x_wconf 91' lang='lat' dir='ltr'><strong>qui</strong></span> 
     </span>
     <span class='ocr_line' id='line_1_5' title="bbox 143 586 1141 670; baseline 0.001 -18"><span class='ocrx_word' id='word_1_30' title='bbox 143 586 322 654; x_wconf 73' lang='lat' dir='ltr'><strong>Alexandri</strong></span> <span class='ocrx_word' id='word_1_31' title='bbox 344 589 472 654; x_wconf 85' lang='lat' dir='ltr'><strong>fuerant</strong></span> <span class='ocrx_word' id='word_1_32' title='bbox 494 587 598 652; x_wconf 90' lang='lat' dir='ltr'><strong>amici.</strong></span> <span class='ocrx_word' id='word_1_33' title='bbox 642 586 766 670; x_wconf 89' lang='lat' dir='ltr'><strong>primus</strong></span> <span class='ocrx_word' id='word_1_34' title='bbox 789 586 974 653; x_wconf 74' lang='lat' dir='ltr'><strong>Leonnatus</strong></span> <span class='ocrx_word' id='word_1_35' title='bbox 996 587 1141 653; x_wconf 84' lang='lat' dir='ltr'><strong>Macedo</strong></span> 
     </span>
     <span class='ocr_line' id='line_1_6' title="bbox 144 673 1140 762; baseline 0 -21"><span class='ocrx_word' id='word_1_36' title='bbox 144 677 234 742; x_wconf 90' lang='lat' dir='ltr'><strong>niam</strong></span> <span class='ocrx_word' id='word_1_37' title='bbox 264 697 497 762; x_wconf 86' lang='lat' dir='ltr'><strong>praeoccupare</strong></span> <span class='ocrx_word' id='word_1_38' title='bbox 524 673 707 738; x_wconf 84' lang='lat' dir='ltr'><strong>destinavit</strong></span> <span class='ocrx_word' id='word_1_39' title='bbox 755 675 783 738; x_wconf 90' lang='lat' dir='ltr'><strong>is</strong></span> <span class='ocrx_word' id='word_1_40' title='bbox 811 677 923 741; x_wconf 86' lang='lat' dir='ltr'><strong>multis</strong></span> <span class='ocrx_word' id='word_1_41' title='bbox 953 676 1140 762; x_wconf 79' lang='lat' dir='ltr'><strong>magnisque</strong></span> 
     </span>
     <span class='ocr_line' id='line_1_7' title="bbox 145 760 1140 851; baseline -0.004 -19"><span class='ocrx_word' id='word_1_42' title='bbox 145 766 436 851; x_wconf 69' lang='lat' dir='ltr'><strong>pollicitationibus</strong></span> <span class='ocrx_word' id='word_1_43' title='bbox 462 762 652 846; x_wconf 88' lang='lat' dir='ltr'><strong>persuadere</strong></span> <span class='ocrx_word' id='word_1_44' title='bbox 674 760 812 826; x_wconf 81' lang='lat' dir='ltr'><strong>Eumeni</strong></span> <span class='ocrx_word' id='word_1_45' title='bbox 840 764 978 848; x_wconf 78' lang='lat' dir='ltr'><strong>studuit,</strong></span> <span class='ocrx_word' id='word_1_46' title='bbox 1004 769 1042 829; x_wconf 92' lang='lat' dir='ltr'><strong>ut</strong></span> <span class='ocrx_word' id='word_1_47' title='bbox 1067 762 1140 828; x_wconf 90' lang='lat' dir='ltr'><strong>Per·</strong></span> 
     </span>
     <span class='ocr_line' id='line_1_8' title="bbox 111 849 1141 921; baseline 0 -3"><span class='ocrx_word' id='word_1_48' title='bbox 111 855 271 921; x_wconf 77' lang='lat' dir='ltr'><strong>sdiccam</strong></span> <span class='ocrx_word' id='word_1_49' title='bbox 297 854 456 917; x_wconf 90' lang='lat' dir='ltr'><strong>desereret</strong></span> <span class='ocrx_word' id='word_1_50' title='bbox 482 871 520 914; x_wconf 90' lang='lat' dir='ltr'><strong>ac</strong></span> <span class='ocrx_word' id='word_1_51' title='bbox 547 871 655 915; x_wconf 88' lang='lat' dir='ltr'><strong>secum</strong></span> <span class='ocrx_word' id='word_1_52' title='bbox 681 849 802 914; x_wconf 85' lang='lat' dir='ltr'><strong>faceret</strong></span> <span class='ocrx_word' id='word_1_53' title='bbox 825 851 1024 917; x_wconf 89' lang='lat' dir='ltr'><strong>societatem.</strong></span> <span class='ocrx_word' id='word_1_54' title='bbox 1067 873 1141 918; x_wconf 54' lang='lat' dir='ltr'><strong>‘curn</strong></span> 
     </span>
     <span class='ocr_line' id='line_1_9' title="bbox 147 937 1142 1029; baseline -0.006 -19"><span class='ocrx_word' id='word_1_55' title='bbox 147 944 318 1029; x_wconf 84' lang='lat' dir='ltr'><strong>perducere</strong></span> <span class='ocrx_word' id='word_1_56' title='bbox 341 961 414 1004; x_wconf 88' lang='lat' dir='ltr'><strong>eum</strong></span> <span class='ocrx_word' id='word_1_57' title='bbox 436 959 501 1002; x_wconf 93' lang='lat' dir='ltr'><strong>non</strong></span> <span class='ocrx_word' id='word_1_58' title='bbox 523 941 642 1022; x_wconf 90' lang='lat' dir='ltr'><strong>posset,</strong></span> <span class='ocrx_word' id='word_1_59' title='bbox 666 937 846 1003; x_wconf 88' lang='lat' dir='ltr'><strong>interficere</strong></span> <span class='ocrx_word' id='word_1_60' title='bbox 870 944 1004 1005; x_wconf 86' lang='lat' dir='ltr'><strong>conatus</strong></span> <span class='ocrx_word' id='word_1_61' title='bbox 1028 944 1088 1026; x_wconf 90' lang='lat' dir='ltr'><strong>est,</strong></span> <span class='ocrx_word' id='word_1_62' title='bbox 1109 944 1142 1004; x_wconf 88' lang='lat' dir='ltr'><strong>et</strong></span> 
     </span>
     <span class='ocr_line' id='line_1_10' title="bbox 147 1025 1141 1111; baseline -0.003 -15"><span class='ocrx_word' id='word_1_63' title='bbox 147 1033 291 1111; x_wconf 83' lang='lat' dir='ltr'><strong>fecisset,</strong></span> <span class='ocrx_word' id='word_1_64' title='bbox 316 1027 381 1090; x_wconf 91' lang='lat' dir='ltr'><strong>nisi</strong></span> <span class='ocrx_word' id='word_1_65' title='bbox 406 1025 461 1090; x_wconf 93' lang='lat' dir='ltr'><strong>ille</strong></span> <span class='ocrx_word' id='word_1_66' title='bbox 488 1025 571 1090; x_wconf 90' lang='lat' dir='ltr'><strong>clam</strong></span> <span class='ocrx_word' id='word_1_67' title='bbox 597 1029 696 1091; x_wconf 87' lang='lat' dir='ltr'><strong>noctu</strong></span> <span class='ocrx_word' id='word_1_68' title='bbox 724 1047 763 1090; x_wconf 84' lang='lat' dir='ltr'><strong>ex</strong></span> <span class='ocrx_word' id='word_1_69' title='bbox 785 1027 952 1110; x_wconf 88' lang='lat' dir='ltr'><strong>praesidiis</strong></span> <span class='ocrx_word' id='word_1_70' title='bbox 976 1029 1045 1093; x_wconf 91' lang='lat' dir='ltr'><strong>eius</strong></span> <span class='ocrx_word' id='word_1_71' title='bbox 1069 1027 1141 1093; x_wconf 83' lang='lat' dir='ltr'><strong>effu·</strong></span> 
     </span>
     <span class='ocr_line' id='line_1_11' title="bbox 173 1120 258 1182; baseline -0.024 0"><span class='ocrx_word' id='word_1_72' title='bbox 173 1120 258 1182; x_wconf 85' lang='lat' dir='ltr'><strong>&#39;sset</strong></span> 
     </span>
     <span class='ocr_line' id='line_1_12' title="bbox 112 1141 1143 1287; baseline -0.006 -14"><span class='ocrx_word' id='word_1_73' title='bbox 112 1141 182 1273; x_wconf 63' lang='lat'><strong>38¹</strong></span> <span class='ocrx_word' id='word_1_74' title='bbox 234 1201 370 1269; x_wconf 89' lang='lat' dir='ltr'><strong>Interim</strong></span> <span class='ocrx_word' id='word_1_75' title='bbox 397 1201 534 1266; x_wconf 90' lang='lat' dir='ltr'><strong>conflata</strong></span> <span class='ocrx_word' id='word_1_76' title='bbox 561 1206 636 1267; x_wconf 89' lang='lat' dir='ltr'><strong>sunt</strong></span> <span class='ocrx_word' id='word_1_77' title='bbox 663 1203 720 1266; x_wconf 91' lang='lat' dir='ltr'><strong>illa</strong></span> <span class='ocrx_word' id='word_1_78' title='bbox 747 1203 845 1287; x_wconf 89' lang='lat' dir='ltr'><strong>bella,</strong></span> <span class='ocrx_word' id='word_1_79' title='bbox 873 1224 953 1287; x_wconf 89' lang='lat' dir='ltr'><strong>quae</strong></span> <span class='ocrx_word' id='word_1_80' title='bbox 980 1204 1020 1267; x_wconf 87' lang='lat' dir='ltr'><strong>ad</strong></span> <span class='ocrx_word' id='word_1_81' title='bbox 1047 1204 1143 1268; x_wconf 83' lang='lat' dir='ltr'><strong>intar-</strong></span> 
     </span>
     <span class='ocr_line' id='line_1_13' title="bbox 146 1287 1143 1376; baseline -0.002 -17"><span class='ocrx_word' id='word_1_82' title='bbox 146 1293 306 1359; x_wconf 88' lang='lat' dir='ltr'><strong>nicionem</strong></span> <span class='ocrx_word' id='word_1_83' title='bbox 328 1293 404 1373; x_wconf 89' lang='lat' dir='ltr'><strong>post</strong></span> <span class='ocrx_word' id='word_1_84' title='bbox 425 1287 599 1353; x_wconf 83' lang='lat' dir='ltr'><strong>Alexandri</strong></span> <span class='ocrx_word' id='word_1_85' title='bbox 622 1295 760 1354; x_wconf 90' lang='lat' dir='ltr'><strong>mortem</strong></span> <span class='ocrx_word' id='word_1_86' title='bbox 783 1294 877 1375; x_wconf 88' lang='lat' dir='ltr'><strong>gesta</strong></span> <span class='ocrx_word' id='word_1_87' title='bbox 904 1295 992 1376; x_wconf 90' lang='lat' dir='ltr'><strong>sunt,</strong></span> <span class='ocrx_word' id='word_1_88' title='bbox 1019 1313 1143 1357; x_wconf 90' lang='lat' dir='ltr'><strong>omnes·</strong></span> 
     </span>
     <span class='ocr_line' id='line_1_14' title="bbox 148 1376 1144 1464; baseline -0.001 -18"><span class='ocrx_word' id='word_1_89' title='bbox 148 1403 210 1464; x_wconf 90' lang='lat' dir='ltr'><strong>que</strong></span> <span class='ocrx_word' id='word_1_90' title='bbox 233 1379 461 1445; x_wconf 82' lang='lat' dir='ltr'><strong>concurrenmt</strong></span> <span class='ocrx_word' id='word_1_91' title='bbox 484 1376 524 1440; x_wconf 93' lang='lat' dir='ltr'><strong>ad</strong></span> <span class='ocrx_word' id='word_1_92' title='bbox 546 1376 731 1443; x_wconf 87' lang='lat' dir='ltr'><strong>Perdiccam</strong></span> <span class='ocrx_word' id='word_1_93' title='bbox 754 1379 1006 1461; x_wconf 89' lang='lat' dir='ltr'><strong>opprimendum.</strong></span> <span class='ocrx_word' id='word_1_94' title='bbox 1048 1402 1144 1464; x_wconf 92' lang='lat' dir='ltr'><strong>quem</strong></span> 
     </span>
     <span class='ocr_line' id='line_1_15' title="bbox 148 1463 1145 1548; baseline -0.002 -14"><span class='ocrx_word' id='word_1_95' title='bbox 148 1469 211 1534; x_wconf 91' lang='lat' dir='ltr'><strong>etsi</strong></span> <span class='ocrx_word' id='word_1_96' title='bbox 238 1466 401 1532; x_wconf 88' lang='lat' dir='ltr'><strong>infirmum</strong></span> <span class='ocrx_word' id='word_1_97' title='bbox 428 1463 570 1548; x_wconf 82' lang='lat' dir='ltr'><strong>videbat,</strong></span> <span class='ocrx_word' id='word_1_98' title='bbox 598 1466 683 1548; x_wconf 88' lang='lat' dir='ltr'><strong>quod</strong></span> <span class='ocrx_word' id='word_1_99' title='bbox 709 1487 792 1529; x_wconf 88' lang='lat' dir='ltr'><strong>unus</strong></span> <span class='ocrx_word' id='word_1_100' title='bbox 820 1467 969 1531; x_wconf 91' lang='lat' dir='ltr'><strong>omnibus</strong></span> <span class='ocrx_word' id='word_1_101' title='bbox 992 1468 1145 1533; x_wconf 89' lang='lat' dir='ltr'><strong>resistere</strong></span> 
     </span>
     <span class='ocr_line' id='line_1_16' title="bbox 149 1552 1146 1644; baseline -0.004 -21"><span class='ocrx_word' id='word_1_102' title='bbox 149 1557 338 1644; x_wconf 80' lang='lat' dir='ltr'><strong>cogebatur,</strong></span> <span class='ocrx_word' id='word_1_103' title='bbox 360 1557 469 1617; x_wconf 91' lang='lat' dir='ltr'><strong>tamen</strong></span> <span class='ocrx_word' id='word_1_104' title='bbox 491 1552 629 1618; x_wconf 89' lang='lat' dir='ltr'><strong>amicum</strong></span> <span class='ocrx_word' id='word_1_105' title='bbox 650 1574 716 1617; x_wconf 90' lang='lat' dir='ltr'><strong>non</strong></span> <span class='ocrx_word' id='word_1_106' title='bbox 739 1552 879 1618; x_wconf 89' lang='lat' dir='ltr'><strong>deseruit</strong></span> <span class='ocrx_word' id='word_1_107' title='bbox 900 1576 1004 1638; x_wconf 92' lang='lat' dir='ltr'><strong>neque</strong></span> <span class='ocrx_word' id='word_1_108' title='bbox 1026 1556 1146 1620; x_wconf 88' lang='lat' dir='ltr'><strong>salutis</strong></span> 
     </span>
     <span class='ocr_line' id='line_1_17' title="bbox 113 1640 1145 1730; baseline -0.004 -19"><span class='ocrx_word' id='word_1_109' title='bbox 113 1662 246 1730; x_wconf 75' lang='lat' dir='ltr'><strong>squam</strong></span> <span class='ocrx_word' id='word_1_110' title='bbox 268 1642 343 1706; x_wconf 92' lang='lat' dir='ltr'><strong>fidei</strong></span> <span class='ocrx_word' id='word_1_111' title='bbox 364 1641 428 1706; x_wconf 82' lang='lat' dir='ltr'><strong>fuit</strong></span> <span class='ocrx_word' id='word_1_112' title='bbox 450 1641 603 1725; x_wconf 89' lang='lat' dir='ltr'><strong>cupidior.</strong></span> <span class='ocrx_word' id='word_1_113' title='bbox 647 1640 845 1725; x_wconf 85' lang='lat' dir='ltr'><strong>praefecerat</strong></span> <span class='ocrx_word' id='word_1_114' title='bbox 866 1640 951 1706; x_wconf 89' lang='lat' dir='ltr'><strong>hunc</strong></span> <span class='ocrx_word' id='word_1_115' title='bbox 973 1640 1145 1707; x_wconf 87' lang='lat' dir='ltr'><strong>Perdiccas</strong></span> 
     </span>
     <span class='ocr_line' id='line_1_18' title="bbox 149 1728 1147 1816; baseline -0.003 -18"><span class='ocrx_word' id='word_1_116' title='bbox 149 1733 179 1798; x_wconf 95' lang='lat' dir='ltr'><strong>ei</strong></span> <span class='ocrx_word' id='word_1_117' title='bbox 196 1730 283 1816; x_wconf 92' lang='lat' dir='ltr'><strong>parti</strong></span> <span class='ocrx_word' id='word_1_118' title='bbox 295 1729 403 1814; x_wconf 91' lang='lat' dir='ltr'><strong>Asiae,</strong></span> <span class='ocrx_word' id='word_1_119' title='bbox 426 1751 506 1815; x_wconf 90' lang='lat' dir='ltr'><strong>quae</strong></span> <span class='ocrx_word' id='word_1_120' title='bbox 524 1730 609 1795; x_wconf 90' lang='lat' dir='ltr'><strong>inter</strong></span> <span class='ocrx_word' id='word_1_121' title='bbox 622 1728 764 1795; x_wconf 81' lang='lat' dir='ltr'><strong>Taurum</strong></span> <span class='ocrx_word' id='word_1_122' title='bbox 781 1733 924 1793; x_wconf 88' lang='lat' dir='ltr'><strong>montem</strong></span> <span class='ocrx_word' id='word_1_123' title='bbox 942 1729 1025 1794; x_wconf 90' lang='lat' dir='ltr'><strong>iacet</strong></span> <span class='ocrx_word' id='word_1_124' title='bbox 1046 1733 1147 1813; x_wconf 86' lang='lat' dir='ltr'><strong>atque</strong></span> 
     </span>
     <span class='ocr_line' id='line_1_19' title="bbox 149 1815 1146 1903; baseline -0.002 -18"><span class='ocrx_word' id='word_1_125' title='bbox 149 1820 410 1903; x_wconf 88' lang='lat' dir='ltr'><strong>Hellespontum,</strong></span> <span class='ocrx_word' id='word_1_126' title='bbox 439 1823 473 1882; x_wconf 90' lang='lat' dir='ltr'><strong>et</strong></span> <span class='ocrx_word' id='word_1_127' title='bbox 499 1817 592 1883; x_wconf 91' lang='lat' dir='ltr'><strong>illum</strong></span> <span class='ocrx_word' id='word_1_128' title='bbox 618 1839 717 1883; x_wconf 89' lang='lat' dir='ltr'><strong>unum</strong></span> <span class='ocrx_word' id='word_1_129' title='bbox 745 1821 940 1901; x_wconf 89' lang='lat' dir='ltr'><strong>opposuerat</strong></span> <span class='ocrx_word' id='word_1_130' title='bbox 965 1815 1146 1901; x_wconf 81' lang='lat' dir='ltr'><strong>Europaeis</strong></span> 
     </span>
     <span class='ocr_line' id='line_1_20' title="bbox 150 1904 1146 1992; baseline -0.003 -19"><span class='ocrx_word' id='word_1_131' title='bbox 150 1907 354 1990; x_wconf 72' lang='lat' dir='ltr'><strong>adversariis,</strong></span> <span class='ocrx_word' id='word_1_132' title='bbox 375 1906 444 1990; x_wconf 91' lang='lat' dir='ltr'><strong>ipse</strong></span> <span class='ocrx_word' id='word_1_133' title='bbox 458 1904 645 1992; x_wconf 87' lang='lat' dir='ltr'><strong>Aegyptum</strong></span> <span class='ocrx_word' id='word_1_134' title='bbox 664 1910 886 1991; x_wconf 91' lang='lat' dir='ltr'><strong>oppugnatum</strong></span> <span class='ocrx_word' id='word_1_135' title='bbox 904 1906 1055 1970; x_wconf 86' lang='lat' dir='ltr'><strong>adversus</strong></span> <span class='ocrx_word' id='word_1_136' title='bbox 1070 1904 1146 1971; x_wconf 93' lang='lat' dir='ltr'><strong>Pto·</strong></span> 
     </span>
     <span class='ocr_line' id='line_1_21' title="bbox 114 1991 1145 2081; baseline -0.001 -20"><span class='ocrx_word' id='word_1_137' title='bbox 114 2013 131 2061; x_wconf 85' lang='lat' dir='ltr'><strong>s</strong></span> <span class='ocrx_word' id='word_1_138' title='bbox 149 1998 309 2062; x_wconf 90' lang='lat' dir='ltr'><strong>lemaeum</strong></span> <span class='ocrx_word' id='word_1_139' title='bbox 326 1998 395 2059; x_wconf 90' lang='lat' dir='ltr'><strong>erat</strong></span> <span class='ocrx_word' id='word_1_140' title='bbox 412 1992 584 2076; x_wconf 87' lang='lat' dir='ltr'><strong>profectus.</strong></span> <span class='ocrx_word' id='word_1_141' title='bbox 620 1991 781 2057; x_wconf 83' lang='lat' dir='ltr'><strong>Eumenes</strong></span> <span class='ocrx_word' id='word_1_142' title='bbox 800 2015 873 2058; x_wconf 90' lang='lat' dir='ltr'><strong>cum</strong></span> <span class='ocrx_word' id='word_1_143' title='bbox 890 2015 993 2076; x_wconf 88' lang='lat' dir='ltr'><strong>neque</strong></span> <span class='ocrx_word' id='word_1_144' title='bbox 1012 2016 1145 2081; x_wconf 85' lang='lat' dir='ltr'><strong>magnas</strong></span> 
     </span>
     <span class='ocr_line' id='line_1_22' title="bbox 150 2079 1147 2168; baseline -0.004 -18"><span class='ocrx_word' id='word_1_145' title='bbox 150 2084 258 2168; x_wconf 88' lang='lat' dir='ltr'><strong>copias</strong></span> <span class='ocrx_word' id='word_1_146' title='bbox 281 2102 384 2166; x_wconf 90' lang='lat' dir='ltr'><strong>neque</strong></span> <span class='ocrx_word' id='word_1_147' title='bbox 406 2079 516 2144; x_wconf 90' lang='lat' dir='ltr'><strong>firmas</strong></span> <span class='ocrx_word' id='word_1_148' title='bbox 538 2082 681 2164; x_wconf 88' lang='lat' dir='ltr'><strong>haberet,</strong></span> <span class='ocrx_word' id='word_1_149' title='bbox 704 2081 789 2162; x_wconf 91' lang='lat' dir='ltr'><strong>quod</strong></span> <span class='ocrx_word' id='word_1_150' title='bbox 812 2085 845 2144; x_wconf 93' lang='lat' dir='ltr'><strong>et</strong></span> <span class='ocrx_word' id='word_1_151' title='bbox 864 2081 1095 2147; x_wconf 90' lang='lat' dir='ltr'><strong>inexercitatae</strong></span> <span class='ocrx_word' id='word_1_152' title='bbox 1114 2087 1147 2148; x_wconf 91' lang='lat' dir='ltr'><strong>et</strong></span> 
     </span>
     <span class='ocr_line' id='line_1_23' title="bbox 148 2168 1146 2252; baseline -0.003 -15"><span class='ocrx_word' id='word_1_153' title='bbox 148 2194 215 2237; x_wconf 91' lang='lat' dir='ltr'><strong>non</strong></span> <span class='ocrx_word' id='word_1_154' title='bbox 237 2170 340 2235; x_wconf 89' lang='lat' dir='ltr'><strong>multo</strong></span> <span class='ocrx_word' id='word_1_155' title='bbox 364 2170 438 2232; x_wconf 93' lang='lat' dir='ltr'><strong>ante</strong></span> <span class='ocrx_word' id='word_1_156' title='bbox 460 2173 552 2244; x_wconf 81' lang='lat' dir='ltr'><strong>erant</strong></span> <span class='ocrx_word' id='word_1_157' title='bbox 570 2172 763 2252; x_wconf 88' lang='lat' dir='ltr'><strong>contractae,</strong></span> <span class='ocrx_word' id='word_1_158' title='bbox 786 2168 956 2233; x_wconf 84' lang='lat' dir='ltr'><strong>adventare</strong></span> <span class='ocrx_word' id='word_1_159' title='bbox 975 2173 1084 2234; x_wconf 89' lang='lat' dir='ltr'><strong>autem</strong></span> <span class='ocrx_word' id='word_1_160' title='bbox 1104 2170 1146 2234; x_wconf 94' lang='lat' dir='ltr'><strong>di-</strong></span> 
     </span>
     <span class='ocr_line' id='line_1_24' title="bbox 151 2255 1146 2341; baseline -0.002 -16"><span class='ocrx_word' id='word_1_161' title='bbox 151 2262 299 2325; x_wconf 90' lang='lat' dir='ltr'><strong>cerentur</strong></span> <span class='ocrx_word' id='word_1_162' title='bbox 316 2255 626 2340; x_wconf 89' lang='lat' dir='ltr'><strong>Hellespontumque</strong></span> <span class='ocrx_word' id='word_1_163' title='bbox 649 2257 805 2321; x_wconf 87' lang='lat' dir='ltr'><strong>transisse</strong></span> <span class='ocrx_word' id='word_1_164' title='bbox 823 2256 998 2341; x_wconf 83' lang='lat' dir='ltr'><strong>Antipater</strong></span> <span class='ocrx_word' id='word_1_165' title='bbox 1020 2261 1054 2322; x_wconf 91' lang='lat' dir='ltr'><strong>et</strong></span> <span class='ocrx_word' id='word_1_166' title='bbox 1072 2257 1146 2324; x_wconf 79' lang='lat' dir='ltr'><strong>Ora</strong></span> 
     </span>
     <span class='ocr_line' id='line_1_25' title="bbox 150 2343 1146 2434; baseline -0.001 -22"><span class='ocrx_word' id='word_1_167' title='bbox 150 2353 239 2414; x_wconf 91' lang='lat' dir='ltr'><strong>teros</strong></span> <span class='ocrx_word' id='word_1_168' title='bbox 262 2367 378 2434; x_wconf 88' lang='lat' dir='ltr'><strong>magno</strong></span> <span class='ocrx_word' id='word_1_169' title='bbox 401 2366 475 2411; x_wconf 89' lang='lat' dir='ltr'><strong>eum</strong></span> <span class='ocrx_word' id='word_1_170' title='bbox 497 2344 639 2409; x_wconf 85' lang='lat' dir='ltr'><strong>exercitu</strong></span> <span class='ocrx_word' id='word_1_171' title='bbox 661 2343 881 2426; x_wconf 90' lang='lat' dir='ltr'><strong>Macedonum,</strong></span> <span class='ocrx_word' id='word_1_172' title='bbox 904 2345 966 2409; x_wconf 84' lang='lat' dir='ltr'><strong>viri</strong></span> <span class='ocrx_word' id='word_1_173' title='bbox 989 2367 1063 2410; x_wconf 91' lang='lat' dir='ltr'><strong>cum</strong></span> <span class='ocrx_word' id='word_1_174' title='bbox 1086 2347 1146 2412; x_wconf 82' lang='lat' dir='ltr'><strong>cla</strong></span> 
     </span>
     <span class='ocr_line' id='line_1_26' title="bbox 115 2431 1147 2518; baseline 0 -19"><span class='ocrx_word' id='word_1_175' title='bbox 115 2438 248 2501; x_wconf 69' lang='lat' dir='ltr'><strong>aritate</strong></span> <span class='ocrx_word' id='word_1_176' title='bbox 284 2440 355 2499; x_wconf 92' lang='lat' dir='ltr'><strong>tum</strong></span> <span class='ocrx_word' id='word_1_177' title='bbox 386 2454 447 2498; x_wconf 88' lang='lat' dir='ltr'><strong>usu</strong></span> <span class='ocrx_word' id='word_1_178' title='bbox 483 2433 560 2499; x_wconf 93' lang='lat' dir='ltr'><strong>belli</strong></span> <span class='ocrx_word' id='word_1_179' title='bbox 595 2437 797 2516; x_wconf 84' lang='lat' dir='ltr'><strong>praestantes</strong></span> <span class='ocrx_word' id='word_1_180' title='bbox 830 2431 1034 2518; x_wconf 87' lang='lat' dir='ltr'><strong>(Macedones</strong></span> <span class='ocrx_word' id='word_1_181' title='bbox 1070 2456 1147 2499; x_wconf 88' lang='lat' dir='ltr'><strong>vero</strong></span> 
     </span>
     <span class='ocr_line' id='line_1_27' title="bbox 152 2519 1148 2605; baseline -0.001 -17"><span class='ocrx_word' id='word_1_182' title='bbox 152 2525 272 2589; x_wconf 86' lang='lat' dir='ltr'><strong>milites</strong></span> <span class='ocrx_word' id='word_1_183' title='bbox 296 2544 333 2587; x_wconf 88' lang='lat' dir='ltr'><strong>ea</strong></span> <span class='ocrx_word' id='word_1_184' title='bbox 356 2526 426 2586; x_wconf 91' lang='lat' dir='ltr'><strong>tum</strong></span> <span class='ocrx_word' id='word_1_185' title='bbox 448 2524 543 2586; x_wconf 83' lang='lat' dir='ltr'><strong>amnt</strong></span> <span class='ocrx_word' id='word_1_186' title='bbox 564 2519 663 2605; x_wconf 84' lang='lat' dir='ltr'><strong>fama,</strong></span> <span class='ocrx_word' id='word_1_187' title='bbox 691 2543 755 2603; x_wconf 89' lang='lat' dir='ltr'><strong>qua</strong></span> <span class='ocrx_word' id='word_1_188' title='bbox 775 2542 860 2586; x_wconf 90' lang='lat' dir='ltr'><strong>nunc</strong></span> <span class='ocrx_word' id='word_1_189' title='bbox 882 2520 1020 2585; x_wconf 89' lang='lat' dir='ltr'><strong>Romani</strong></span> <span class='ocrx_word' id='word_1_190' title='bbox 1042 2521 1148 2595; x_wconf 80' lang='lat' dir='ltr'><strong>fenin-</strong></span> 
     </span>
     <span class='ocr_line' id='line_1_28' title="bbox 152 2608 1148 2693; baseline -0.001 -18"><span class='ocrx_word' id='word_1_191' title='bbox 152 2616 219 2675; x_wconf 89' lang='lat' dir='ltr'><strong>tur:</strong></span> <span class='ocrx_word' id='word_1_192' title='bbox 242 2610 361 2674; x_wconf 91' lang='lat' dir='ltr'><strong>etenim</strong></span> <span class='ocrx_word' id='word_1_193' title='bbox 384 2631 509 2692; x_wconf 90' lang='lat' dir='ltr'><strong>semper</strong></span> <span class='ocrx_word' id='word_1_194' title='bbox 530 2610 635 2673; x_wconf 91' lang='lat' dir='ltr'><strong>habiti</strong></span> <span class='ocrx_word' id='word_1_195' title='bbox 658 2613 735 2674; x_wconf 91' lang='lat' dir='ltr'><strong>sunt</strong></span> <span class='ocrx_word' id='word_1_196' title='bbox 752 2608 931 2693; x_wconf 87' lang='lat' dir='ltr'><strong>fortissimi,</strong></span> <span class='ocrx_word' id='word_1_197' title='bbox 955 2609 1010 2693; x_wconf 91' lang='lat' dir='ltr'><strong>qui</strong></span> <span class='ocrx_word' id='word_1_198' title='bbox 1029 2611 1148 2674; x_wconf 86' lang='lat' dir='ltr'><strong>summi</strong></span> 
     </span>
     <span class='ocr_line' id='line_1_29' title="bbox 151 2694 1148 2783; baseline 0.001 -20"><span class='ocrx_word' id='word_1_199' title='bbox 151 2697 279 2782; x_wconf 90' lang='lat' dir='ltr'><strong>imperii</strong></span> <span class='ocrx_word' id='word_1_200' title='bbox 301 2694 513 2782; x_wconf 87' lang='lat' dir='ltr'><strong>potirentur):</strong></span> <span class='ocrx_word' id='word_1_201' title='bbox 541 2695 702 2762; x_wconf 86' lang='lat' dir='ltr'><strong>Eumenes</strong></span> <span class='ocrx_word' id='word_1_202' title='bbox 728 2697 953 2781; x_wconf 82' lang='lat' dir='ltr'><strong>intellegebat,</strong></span> <span class='ocrx_word' id='word_1_203' title='bbox 980 2697 1009 2761; x_wconf 92' lang='lat' dir='ltr'><strong>si</strong></span> <span class='ocrx_word' id='word_1_204' title='bbox 1036 2699 1148 2783; x_wconf 91' lang='lat' dir='ltr'><strong>copiae</strong></span> 
     </span>
     <span class='ocr_line' id='line_1_30' title="bbox 153 2784 1148 2869; baseline 0 -17"><span class='ocrx_word' id='word_1_205' title='bbox 153 2808 228 2852; x_wconf 89' lang='lat' dir='ltr'><strong>suae</strong></span> <span class='ocrx_word' id='word_1_206' title='bbox 252 2788 456 2869; x_wconf 86' lang='lat' dir='ltr'><strong>cognossent,</strong></span> <span class='ocrx_word' id='word_1_207' title='bbox 478 2784 629 2850; x_wconf 84' lang='lat' dir='ltr'><strong>adversus</strong></span> <span class='ocrx_word' id='word_1_208' title='bbox 649 2807 728 2869; x_wconf 91' lang='lat' dir='ltr'><strong>quos</strong></span> <span class='ocrx_word' id='word_1_209' title='bbox 747 2785 946 2868; x_wconf 88' lang='lat' dir='ltr'><strong>ducerentur,</strong></span> <span class='ocrx_word' id='word_1_210' title='bbox 968 2806 1034 2850; x_wconf 89' lang='lat' dir='ltr'><strong>non</strong></span> <span class='ocrx_word' id='word_1_211' title='bbox 1052 2789 1148 2852; x_wconf 92' lang='lat' dir='ltr'><strong>modo</strong></span> 
     </span>
     <span class='ocr_line' id='line_1_31' title="bbox 117 2871 1149 2959; baseline 0 -19"><span class='ocrx_word' id='word_1_212' title='bbox 117 2890 217 2940; x_wconf 75' lang='lat' dir='ltr'><strong>onon</strong></span> <span class='ocrx_word' id='word_1_213' title='bbox 239 2874 357 2956; x_wconf 90' lang='lat' dir='ltr'><strong>ituras,</strong></span> <span class='ocrx_word' id='word_1_214' title='bbox 379 2871 435 2936; x_wconf 90' lang='lat' dir='ltr'><strong>sed</strong></span> <span class='ocrx_word' id='word_1_215' title='bbox 458 2872 553 2936; x_wconf 90' lang='lat' dir='ltr'><strong>simul</strong></span> <span class='ocrx_word' id='word_1_216' title='bbox 577 2895 649 2938; x_wconf 91' lang='lat' dir='ltr'><strong>cum</strong></span> <span class='ocrx_word' id='word_1_217' title='bbox 671 2873 785 2937; x_wconf 89' lang='lat' dir='ltr'><strong>nuntio</strong></span> <span class='ocrx_word' id='word_1_218' title='bbox 808 2871 996 2956; x_wconf 89' lang='lat' dir='ltr'><strong>dilapsuras.</strong></span> <span class='ocrx_word' id='word_1_219' title='bbox 1038 2874 1149 2959; x_wconf 91' lang='lat' dir='ltr'><strong>itaque</strong></span> 
     </span>
     <span class='ocr_line' id='line_1_32' title="bbox 152 2961 1149 3045; baseline 0.001 -18"><span class='ocrx_word' id='word_1_220' title='bbox 152 2962 214 3027; x_wconf 91' lang='lat' dir='ltr'><strong>hoc</strong></span> <span class='ocrx_word' id='word_1_221' title='bbox 232 2963 262 3026; x_wconf 91' lang='lat' dir='ltr'><strong>ei</strong></span> <span class='ocrx_word' id='word_1_222' title='bbox 280 2961 385 3025; x_wconf 84' lang='lat' dir='ltr'><strong>visum</strong></span> <span class='ocrx_word' id='word_1_223' title='bbox 408 2964 458 3025; x_wconf 87' lang='lat' dir='ltr'><strong>est</strong></span> <span class='ocrx_word' id='word_1_224' title='bbox 480 2961 773 3045; x_wconf 89' lang='lat' dir='ltr'><strong>prudentissimum,</strong></span> <span class='ocrx_word' id='word_1_225' title='bbox 795 2964 833 3025; x_wconf 90' lang='lat' dir='ltr'><strong>ut</strong></span> <span class='ocrx_word' id='word_1_226' title='bbox 855 2961 955 3025; x_wconf 82' lang='lat' dir='ltr'><strong>deviis</strong></span> <span class='ocrx_word' id='word_1_227' title='bbox 977 2961 1149 3029; x_wconf 89' lang='lat' dir='ltr'><strong>itineribus</strong></span> 
     </span>
     <span class='ocr_line' id='line_1_33' title="bbox 153 3048 1149 3134; baseline 0.001 -19"><span class='ocrx_word' id='word_1_228' title='bbox 153 3051 274 3115; x_wconf 88' lang='lat' dir='ltr'><strong>milites</strong></span> <span class='ocrx_word' id='word_1_229' title='bbox 301 3048 444 3131; x_wconf 89' lang='lat' dir='ltr'><strong>duceret,</strong></span> <span class='ocrx_word' id='word_1_230' title='bbox 473 3049 508 3113; x_wconf 80' lang='lat' dir='ltr'><strong>ln</strong></span> <span class='ocrx_word' id='word_1_231' title='bbox 534 3049 650 3132; x_wconf 90' lang='lat' dir='ltr'><strong>quibus</strong></span> <span class='ocrx_word' id='word_1_232' title='bbox 677 3069 753 3113; x_wconf 87' lang='lat' dir='ltr'><strong>vera</strong></span> <span class='ocrx_word' id='word_1_233' title='bbox 779 3048 887 3113; x_wconf 90' lang='lat' dir='ltr'><strong>audire</strong></span> <span class='ocrx_word' id='word_1_234' title='bbox 914 3070 980 3113; x_wconf 89' lang='lat' dir='ltr'><strong>non</strong></span> <span class='ocrx_word' id='word_1_235' title='bbox 1006 3056 1149 3134; x_wconf 89' lang='lat' dir='ltr'><strong>possent,</strong></span> 
     </span>
     <span class='ocr_line' id='line_1_34' title="bbox 154 3136 1150 3222; baseline 0.001 -20"><span class='ocrx_word' id='word_1_236' title='bbox 154 3143 187 3203; x_wconf 89' lang='lat' dir='ltr'><strong>et</strong></span> <span class='ocrx_word' id='word_1_237' title='bbox 212 3138 253 3202; x_wconf 92' lang='lat' dir='ltr'><strong>iis</strong></span> <span class='ocrx_word' id='word_1_238' title='bbox 280 3136 487 3220; x_wconf 89' lang='lat' dir='ltr'><strong>persuaderet</strong></span> <span class='ocrx_word' id='word_1_239' title='bbox 514 3159 547 3201; x_wconf 92' lang='lat' dir='ltr'><strong>se</strong></span> <span class='ocrx_word' id='word_1_240' title='bbox 575 3140 688 3201; x_wconf 87' lang='lat' dir='ltr'><strong>contra</strong></span> <span class='ocrx_word' id='word_1_241' title='bbox 715 3136 871 3220; x_wconf 90' lang='lat' dir='ltr'><strong>quosdam</strong></span> <span class='ocrx_word' id='word_1_242' title='bbox 899 3137 1055 3202; x_wconf 89' lang='lat' dir='ltr'><strong>barbaros</strong></span> <span class='ocrx_word' id='word_1_243' title='bbox 1078 3160 1150 3222; x_wconf 88' lang='lat' dir='ltr'><strong>pro</strong></span> 
     </span>
     <span class='ocr_line' id='line_1_35' title="bbox 118 3223 1150 3309; baseline 0 -18"><span class='ocrx_word' id='word_1_244' title='bbox 118 3243 135 3291; x_wconf 81' lang='lat' dir='ltr'><strong>o</strong></span> <span class='ocrx_word' id='word_1_245' title='bbox 153 3226 262 3291; x_wconf 92' lang='lat' dir='ltr'><strong>ficisci.</strong></span> <span class='ocrx_word' id='word_1_246' title='bbox 292 3228 388 3308; x_wconf 89' lang='lat' dir='ltr'><strong>atque</strong></span> <span class='ocrx_word' id='word_1_247' title='bbox 412 3224 517 3289; x_wconf 90' lang='lat' dir='ltr'><strong>tenuit</strong></span> <span class='ocrx_word' id='word_1_248' title='bbox 534 3225 595 3288; x_wconf 92' lang='lat' dir='ltr'><strong>boc</strong></span> <span class='ocrx_word' id='word_1_249' title='bbox 613 3223 817 3307; x_wconf 88' lang='lat' dir='ltr'><strong>propositum</strong></span> <span class='ocrx_word' id='word_1_250' title='bbox 835 3229 869 3289; x_wconf 91' lang='lat' dir='ltr'><strong>et</strong></span> <span class='ocrx_word' id='word_1_251' title='bbox 886 3225 976 3309; x_wconf 91' lang='lat' dir='ltr'><strong>prius</strong></span> <span class='ocrx_word' id='word_1_252' title='bbox 995 3225 1029 3289; x_wconf 92' lang='lat' dir='ltr'><strong>in</strong></span> <span class='ocrx_word' id='word_1_253' title='bbox 1047 3227 1150 3292; x_wconf 92' lang='lat' dir='ltr'><strong>aciem</strong></span> 
     </span>
     <span class='ocr_line' id='line_1_36' title="bbox 154 3311 1149 3396; baseline -0.001 -17"><span class='ocrx_word' id='word_1_254' title='bbox 154 3314 330 3380; x_wconf 85' lang='lat' dir='ltr'><strong>exercitum</strong></span> <span class='ocrx_word' id='word_1_255' title='bbox 348 3312 457 3377; x_wconf 86' lang='lat' dir='ltr'><strong>eduxit</strong></span> <span class='ocrx_word' id='word_1_256' title='bbox 479 3311 699 3396; x_wconf 89' lang='lat' dir='ltr'><strong>proeliumque</strong></span> <span class='ocrx_word' id='word_1_257' title='bbox 718 3312 890 3396; x_wconf 89' lang='lat' dir='ltr'><strong>commisit,</strong></span> <span class='ocrx_word' id='word_1_258' title='bbox 913 3334 1011 3396; x_wconf 89' lang='lat' dir='ltr'><strong>quam</strong></span> <span class='ocrx_word' id='word_1_259' title='bbox 1029 3315 1149 3380; x_wconf 91' lang='lat' dir='ltr'><strong>milites</strong></span> 
     </span>
     <span class='ocr_line' id='line_1_37' title="bbox 154 3400 1150 3485; baseline 0.001 -18"><span class='ocrx_word' id='word_1_260' title='bbox 154 3404 204 3466; x_wconf 91' lang='lat' dir='ltr'><strong>sui</strong></span> <span class='ocrx_word' id='word_1_261' title='bbox 222 3403 351 3485; x_wconf 90' lang='lat' dir='ltr'><strong>scirent,</strong></span> <span class='ocrx_word' id='word_1_262' title='bbox 374 3422 447 3465; x_wconf 91' lang='lat' dir='ltr'><strong>cum</strong></span> <span class='ocrx_word' id='word_1_263' title='bbox 466 3400 581 3483; x_wconf 91' lang='lat' dir='ltr'><strong>quibus</strong></span> <span class='ocrx_word' id='word_1_264' title='bbox 600 3420 690 3464; x_wconf 91' lang='lat' dir='ltr'><strong>arma</strong></span> <span class='ocrx_word' id='word_1_265' title='bbox 708 3400 897 3466; x_wconf 86' lang='lat' dir='ltr'><strong>conferrent.</strong></span> <span class='ocrx_word' id='word_1_266' title='bbox 927 3400 1033 3465; x_wconf 88' lang='lat' dir='ltr'><strong>effecit</strong></span> <span class='ocrx_word' id='word_1_267' title='bbox 1052 3403 1150 3468; x_wconf 88' lang='lat' dir='ltr'><strong>etiam</strong></span> 
     </span>
    </p>
   </div>
   <div class='ocr_carea' id='block_1_3' title="bbox 153 3487 1151 3574">
    <p class='ocr_par' dir='ltr' id='par_1_3' title="bbox 153 3487 1151 3574">
     <span class='ocr_line' id='line_1_38' title="bbox 153 3487 1151 3574; baseline 0.004 -22"><span class='ocrx_word' id='word_1_268' title='bbox 153 3489 233 3553; x_wconf 91' lang='lat' dir='ltr'><strong>illud</strong></span> <span class='ocrx_word' id='word_1_269' title='bbox 256 3490 402 3555; x_wconf 89' lang='lat' dir='ltr'><strong>locorum</strong></span> <span class='ocrx_word' id='word_1_270' title='bbox 422 3487 723 3574; x_wconf 90' lang='lat' dir='ltr'><strong>praeoccupatione,</strong></span> <span class='ocrx_word' id='word_1_271' title='bbox 745 3492 783 3551; x_wconf 92' lang='lat' dir='ltr'><strong>ut</strong></span> <span class='ocrx_word' id='word_1_272' title='bbox 805 3489 952 3572; x_wconf 89' lang='lat' dir='ltr'><strong>equitatu</strong></span> <span class='ocrx_word' id='word_1_273' title='bbox 973 3489 1084 3572; x_wconf 89' lang='lat' dir='ltr'><strong>potins</strong></span> <span class='ocrx_word' id='word_1_274' title='bbox 1108 3491 1151 3555; x_wconf 93' lang='lat' dir='ltr'><strong>di-</strong></span> 
     </span>
    </p>
   </div>
   <div class='ocr_carea' id='block_1_4' title="bbox 0 0 1280 4042">
    <p class='ocr_par' dir='ltr' id='par_1_4' title="bbox 0 0 1280 4042">
     <span class='ocr_line' id='line_1_39' title="bbox 0 0 1280 4042; baseline 0 0"><span class='ocrx_word' id='word_1_275' title='bbox 0 0 1280 4042; x_wconf 95' lang='lat' dir='ltr'><strong> </strong></span> 
     </span>
    </p>
   </div>
  </div>
 </body>
</html>
