2528 4042
376 172 435 226 XX,
455 171 655 229 TIMOLEON.
682 179 706 227 2.
726 180 750 228 3.
1023 172 1065 236 83

58 314 187 380 licitate
154 315 405 400 tDionysium
434 320 506 380 tota
530 314 642 383 Sicilia
668 317 765 401 depul
766 318 802 381 ιι.
847 339 920 383 cum
945 317 1065 383 interfi-
1083 333 1100 381 ι

58 425 132 468 cere
155 408 283 488 posset,
305 404 425 488 noluit,
448 408 584 488 tutoque
607 410 645 470 ut
668 404 861 470 Corinthum
883 406 1066 489 perveniret

58 491 182 576 effecit,
220 493 306 576 quod
342 497 554 576 utrorumque
589 487 822 595 Dionysiorum
859 494 974 576 opibus
1006 493 1066 561 Oo-

57 580 175 645 ιιιιιιιιι
199 602 293 665 saepe
317 581 420 645 adiuti
442 580 580 665 fuerant,
603 582 694 647 cuius
717 581 929 667 benignitatis
948 603 1066 648 memo-

58 669 143 733 riam
171 669 303 733 volebat
331 674 472 753 exstare,
504 691 637 754 eamque
668 670 868 754 praeclaram
895 669 1065 734 victoriam

58 758 213 840 ducebat,
241 757 277 821 in
305 779 369 840 qua
394 759 468 842 plus
491 763 578 823 esset
600 758 789 824 elementiae
813 779 911 842 quam
933 757 1066 822 crudeli-

58 846 150 929 tatis,
172 849 338 929 postremo
362 850 400 911 ut
421 867 487 910 non
505 846 611 912 solum
629 846 761 912 auribus
780 846 989 930 acciperetur,
1011 846 1067 910 sed

61 935 163 999 etiam
196 934 297 998 oculis
330 939 528 1019 comeretur,
559 957 655 1019 quem
682 956 721 998 ox
748 938 870 1018 quanto
897 954 997 1020 regno
1026 935 1066 998 ad

60 1043 162 1105 quam
191 1021 357 1087 fortunam
389 1022 567 1087 detulisset.
616 1026 693 1107 post
719 1022 869 1107 Dionysii
901 1022 1102 1087 decessums

60 1132 138 1176 cum
164 1108 281 1175 Hiceta
311 1110 461 1194 bellavit,
493 1111 549 1194 qui
582 1111 769 1176 adversatus
796 1114 868 1175 erat
893 1109 1066 1195 Dionysio:

60 1220 159 1282 quem
180 1220 246 1263 non
269 1199 343 1263 odio
366 1199 547 1282 tyrannidis
575 1199 778 1283 dissensisse,
805 1198 862 1263 sed
888 1199 1064 1283 cupiditate

60 1287 181 1352 indicio
204 1286 278 1370 fuit,
292 1287 387 1388 ,quod
410 1287 479 1371 ipse
502 1286 635 1371 expulso
654 1286 812 1373 Dionysio
830 1286 1027 1389 imperium.
1021 1286 1066 1351 di·

62 1376 193 1439 mittere
210 1376 324 1440 noluit.
355 1375 418 1440 hoc
437 1380 568 1460 superat
570 1397 588 1441 o
554 1375 772 1441 Timoleon
785 1377 941 1442 maximas
956 1375 1066 1459 copias
1083 1393 1102 1442 4

63 1426 386 1548 Karthaginiensium
413 1464 498 1566 apud
521 1463 702 1530 Crinissum
728 1465 849 1530 flumen
874 1463 1002 1549 fugavit
1029 1485 1066 1529 ac

66 1551 143 1617 satis
166 1552 285 1616 habere
313 1552 434 1636 coegit,
464 1552 493 1616 si
519 1553 632 1617 liceret
654 1550 799 1617 Africam
823 1552 983 1635 obtinere,
1011 1552 1067 1635 qui

62 1640 128 1705 iam
152 1640 332 1723 complures
357 1661 457 1703 annos
487 1640 728 1723 possessionem
752 1638 880 1705 Siciliae
904 1639 1067 1703 tenebant

62 1730 151 1812 cepit
183 1729 282 1790 etiam
312 1726 527 1811 Mamercum,
558 1726 711 1793 Italicum
743 1727 871 1810 ducem,
901 1726 1067 1791 hominem

60 1816 255 1882 bellicosum
278 1818 311 1878 et
332 1818 514 1900 potentem,
537 1815 593 1899 qui
615 1819 770 1899 tyrannos
794 1815 940 1880 adiutum
961 1815 997 1878 in
1020 1812 1067 1879 Si-

60 1904 174 1971 ciliam
196 1906 336 1967 venerat.

154 1990 277 2067 Quibus
296 1992 392 2055 rebus
411 1990 566 2057 confectis
585 2014 659 2057 cum
671 1997 806 2076 propter
817 1991 1066 2057 diuturnitatem
1084 1995 1105 2061 3

60 2080 143 2146 belli
170 2101 236 2144 non
263 2079 368 2144 solum
395 2080 557 2166 regiones,
589 2081 645 2145 sed
672 2081 772 2146 etiam
798 2082 895 2146 urbes
922 2081 1065 2146 desertas

61 2170 196 2252 videret,
219 2168 415 2251 conquisivit
438 2190 519 2252 quos
537 2169 656 2252 potuit,
678 2170 819 2253 primum
835 2167 970 2252 Siculos,
992 2169 1066 2232 dein

64 2256 222 2324 Corintho
247 2256 414 2322 arcessivit
437 2257 583 2340 colonos,
613 2256 698 2339 quod
725 2259 765 2321 ab
789 2257 830 2320 iis
852 2256 948 2320 initio
972 2254 1066 2339 Syra-

63 2367 160 2412 cusae
183 2349 276 2410 erant
298 2345 454 2410 conditae.
499 2345 623 2410 civibus
645 2345 808 2409 veteribus
832 2364 891 2408 sua
913 2342 1066 2425 restituit,
1084 2361 1101 2410 ι

62 2434 156 2500 novis
184 2434 270 2497 bello
296 2432 500 2498 vacuefactas
527 2431 749 2516 possessiones
781 2430 905 2514 divisit,
936 2431 1066 2495 urbium

63 2523 191 2588 moenia
223 2522 358 2587 disiecta
388 2520 527 2603 fanaque
559 2520 686 2585 detecta
717 2518 846 2603 refecit,
877 2518 1064 2584 civitatibus

63 2612 152 2696 leges
175 2611 424 2693 libertatemque
445 2608 597 2674 reddidit:
620 2631 659 2674 ex
677 2608 818 2673 maximo
836 2607 923 2672 bello
938 2611 1066 2673 tantum

65 2701 169 2764 otium
196 2702 286 2764 totae
313 2698 437 2763 insulae
465 2696 663 2781 conciliavit,
693 2701 732 2762 ut
759 2696 812 2762 hic
840 2696 990 2762 conditor
1014 2718 1066 2761 ur-

63 2788 154 2852 bium
177 2809 296 2871 earum,
317 2808 384 2852 non
405 2786 455 2851 illi
478 2785 534 2870 qui
551 2785 646 2849 initio
668 2785 872 2869 deduxerant,
895 2785 1065 2850 videretur.

65 2896 171 2940 arcem
196 2874 373 2959 Syracusis,
397 2896 494 2958 quam
516 2874 677 2939 munierat
662 2872 870 2957 tDionysius
894 2872 934 2936 ad
952 2873 1101 2938 urbemn

64 2965 283 3046 obsidendam,
307 2962 566 3027 afundamentis
590 2961 731 3046 disiecit,
703 2965 862 3027 tcetera
884 2959 1065 3043 tyrannidis

63 3013 308 3154 propugnacula
326 3052 459 3116 demolit
445 3056 498 3116 tus
517 3055 568 3116 est
586 3050 737 3133 deditque
757 3070 897 3133 operam,
917 3051 1066 3129 utquam

64 3141 197 3206 minime
216 3140 299 3203 mult
285 3143 320 3203 ta
337 3139 477 3224 vestigia
491 3139 658 3205 servitutis
672 3141 847 3202 manerent.
876 3157 950 3201 cum
964 3134 1101 3200 tantist

63 3233 151 3294 esset
174 3229 300 3312 opibus,
321 3231 359 3291 ut
377 3227 476 3290 etiam
492 3227 632 3292 invitis
622 3247 780 3311 imperare
793 3227 915 3307 posset,
937 3226 1066 3287 tantum

63 3323 174 3383 autem
198 3337 340 3381 amorem
362 3315 497 3378 haberet
521 3315 664 3380 omnium
688 3312 949 3395 Siculorum,ut
911 3310 1065 3374 utnullo

63 3410 233 3472 recusante
252 3424 388 3489 regnum
403 3403 471 3467 obt
447 3407 549 3467 tmere
564 3403 670 3486 liceret,
684 3399 800 3465 maluit
814 3421 848 3465 se
863 3398 955 3482 diligi
969 3420 1066 3481 quam

64 3495 176 3560 metui.
221 3494 346 3578 itaque,
374 3513 447 3557 cum
469 3490 611 3576 primum
632 3489 756 3575 potuit,
778 3487 950 3573 imperium
972 3487 1066 3572 depo·

872 3591 907 3643 3*
