2528 4042
145 186 188 248 14
444 179 479 236 11
498 179 778 236 rnanrsroccas
809 187 850 236 ιο.

142 324 246 412 bant,)
260 325 474 410 Lampsacum
489 329 606 409 autem,
619 325 823 389 undevinum
837 329 979 390 sumeret
980 325 1149 414 ,tMyuna

143 438 183 480 ex
205 437 269 498 qua
292 415 462 478 obsonium
484 414 629 478 haberet.

229 501 335 567 Huius
363 502 402 566 ad
429 506 576 566 nostram
603 501 794 565 memoriam
820 506 1030 566 monumenta
1058 526 1148 568 man·

144 595 255 656 serunt
278 590 355 655 duo:
379 591 561 673 sepulcrum
583 610 684 672 prope
708 589 870 673 oppidum,
893 590 1009 674 inquo
1030 596 1148 657 estse

107 698 124 746 4
141 681 263 763 pultus,
281 683 390 743 statua
408 678 443 741 in
460 677 531 741 foro
546 675 741 762 Magnesiae.
773 676 812 741 de
831 678 921 743 cuius
941 682 1046 743 morte
1067 681 1148 745 mul·

142 768 274 832 timodis
298 766 382 850 apud
404 766 576 849 plerosque
599 765 835 849 scriptumest,
858 767 914 830 sed
931 788 992 831 uos
1011 769 1150 835 eundem

142 857 349 940 potissimum
362 853 581 937 Thucydidem
596 856 762 917 auctorem
779 854 964 938 probamus,
983 855 1041 937 qui
1054 856 1150 922 illum

143 945 190 1008 ait
219 941 406 1027 Magnesiae
438 941 552 1005 morbo
584 945 749 1006 mortuum
780 963 883 1025 neque
915 948 1015 1028 negat
1047 943 1150 1010 fuisse

143 1032 273 1114 famam,
295 1050 452 1094 venenum
476 1051 535 1094 sua
557 1034 672 1113 sponte
696 1030 880 1114 sumpsisse,
904 1051 977 1094 cum
998 1052 1043 1115 se,
1067 1053 1150 1117 quae

143 1119 213 1204 regi
237 1118 275 1182 de
296 1115 431 1182 Graecia
450 1117 658 1202 opprimenda
679 1118 845 1200 pollicitus
865 1121 959 1202 esset,
981 1125 1150 1202 praestare

108 1226 124 1275 5
142 1228 238 1290 posse
268 1206 461 1290 desperaret.
506 1206 593 1269 idem
616 1227 691 1270 ossa
713 1206 781 1270 cius
806 1207 920 1270 clam
912 1229 947 1270 m
968 1205 1085 1274 Attica
1108 1211 1149 1275 ab

144 1295 256 1359 amicis
272 1296 406 1395 sepulta,
421 1294 574 1376 quoniam
587 1293 714 1378 legibus
727 1315 794 1357 non
808 1294 1037 1360 concederetur
1036 1297 1150 1382 ,quod

142 1382 335 1466 proditionis
359 1386 445 1446 essct
468 1381 647 1465 damnatus,
671 1383 845 1446 memoriae
867 1381 1019 1466 prodidit.
1193 1394 1195 1411 ²

472 1684 536 1758 IIL
563 1683 821 1757 ARISTIDES.

107 1826 123 1888 1
231 1821 407 1905 Aristides,
428 1820 616 1906 Lysimachi
637 1822 738 1906 fflius,
760 1821 980 1905 Atheniensis,
1004 1798 1146 1906 aequalis

143 1911 210 1974 fere
232 1910 296 1974 fuit
313 1908 525 1973 Themistocli
549 1914 645 1992 atque
665 1932 738 1974 cum
756 1930 794 1973 eo
813 1909 851 1973 de
870 1910 1058 1993 principatu
1076 1931 1149 1976 con-

109 1997 262 2064 atendit:
301 2017 441 2079 namque
464 1996 690 2061 obtrectarunt
712 1998 798 2061 inter
821 2018 863 2061 se.
908 1998 942 2061 in
964 1997 1016 2062 his
1039 2001 1151 2063 sutem

144 2085 312 2170 cognitum
339 2087 404 2167 est,
432 2088 553 2167 quanto
582 2087 761 2149 antestaret
788 2085 974 2168 eloquentia
1000 2087 1152 2152 innocen-

144 2173 218 2236 tiae.
263 2193 464 2254 quamquam·
482 2172 568 2236 enim
591 2173 670 2236 adeo
693 2173 871 2238 excellebat
893 2172 1055 2239 Aristides
1078 2175 1152 2240 abs-

144 2260 297 2343 tinentia,
327 2264 365 2324 ut
392 2280 474 2324 unus
506 2264 583 2343 post
615 2259 784 2325 hominum
815 2262 1021 2346 memoriam,
1052 2282 1151 2344 quem

145 2349 274 2433 quidem
295 2369 355 2412 nos
379 2347 589 2431 audierimus,
617 2349 807 2433 cognomine
835 2348 945 2414 Iustus
974 2350 1018 2414 sit
1041 2351 1152 2435 appel·

126 2372 245 2521 littus,
271 2441 380 2501 tamen
403 2458 423 2500 a
445 2435 663 2501 Themistocle
686 2437 917 2502 collabefactus
941 2437 1063 2502 testula
1093 2438 1152 2503 illa

109 2543 125 2591 3
145 2526 240 2589 ex1ho
264 2526 373 2588 decem
397 2545 554 2589 annorum
576 2525 734 2589 multatus
754 2530 812 2589 est
852 2525 907 2608 qui
926 2525 1056 2609 quidem
1075 2548 1152 2591 cum

144 2613 348 2697 intellegeret
361 2612 494 2695 reprimi
508 2612 703 2677 concitatam
713 2613 955 2677 multitudinem
963 2635 1031 2678 uon
1043 2635 1151 2698 posse,

145 2701 322 2783 cedensque
342 2699 623 2765 animadvertisset
641 2701 800 2784 quendam
815 2702 1020 2785 scribentem,
1039 2705 1077 2766 ut
1096 2725 1152 2786 pa·

145 2789 209 2852 tria
225 2788 409 2873 pelleretur,
428 2789 591 2871 quaesisse
606 2790 646 2853 ab
661 2811 699 2853 eo
719 2789 845 2872 dicitur,
864 2811 962 2872 quare
976 2790 1010 2854 id
1028 2789 1153 2856 faceret

145 2880 203 2940 aut
217 2875 293 2959 quid
307 2875 468 2940 Aristides
483 2877 708 2960 commisisset,
728 2899 784 2940 cur
803 2881 896 2940 tanta
914 2899 1020 2962 poena
1033 2878 1151 2964 dignus

110 2964 323 3029 educeretur.
368 2964 419 3029 cui
448 2964 503 3028 ille
533 2965 700 3048 respondit
730 2985 764 3028 sc
794 2964 945 3049 ignorare
973 2965 1153 3050 Aristiden,

145 3053 201 3117 sed
223 3053 287 3117 sibi
310 3074 375 3116 non
397 3053 538 3136 placere,
561 3053 647 3137 quod
670 3055 739 3116 tam
762 3052 875 3136 cupide
898 3054 1091 3139 laborasset,
1115 3060 1152 3120 ut

110 3144 274 3225 epraeter
297 3144 420 3205 ceteros
445 3140 554 3204 Iustus
578 3140 804 3223 appellaretur.
843 3141 897 3206 hic
921 3142 1031 3206 decem
1054 3164 1153 3208 anno·

144 3251 217 3292 rum
239 3228 420 3314 legitimam
441 3250 580 3314 poenam
602 3249 668 3291 non
689 3229 835 3310 pertulit.
876 3250 952 3294 nam
974 3234 1153 3315 postquam

144 3315 266 3380 Xerxes
290 3317 324 3380 in
348 3315 517 3381 Graeciam
540 3315 714 3400 descendit,
738 3320 829 3382 sexto
852 3317 919 3381 fere
943 3339 1027 3382 anno
1053 3341 1153 3403 quam

145 3408 215 3468 erat
239 3405 404 3489 expulsus,
430 3403 543 3488 populi
571 3403 653 3467 scito
676 3403 710 3469 in
732 3406 873 3489 patriam
896 3406 1069 3470 restitutus
1092 3410 1153 3472 est.

109 3492 132 3552 2
233 3491 388 3557 Interfuit
420 3495 528 3556 autem
559 3511 687 3576 pugnae
717 3494 826 3558 navali
858 3493 944 3577 apud
976 3492 1152 3580 Salamina,
