2528 4042
433 184 467 239 X.
485 184 583 241 DION.
612 192 635 240 8.
656 192 672 240 9
1016 189 1058 252 41

143 328 233 394 Haec
260 328 316 395 ille
345 330 475 395 intuens
499 351 572 394 cum
596 351 692 414 quem
715 330 909 397 admodum
932 333 1100 401 sedarct8

52 417 196 483 nesciret
227 422 261 483 et
293 439 449 500 quorsum
480 418 653 484 evaderent
688 419 832 503 timeret,
868 419 1060 487 Callicrates

54 505 196 590 quidam,
220 507 299 571 civis
318 507 538 591 Atheniensis,
561 506 617 590 qui
640 505 737 572 simul
760 528 833 571 cum
856 530 894 573 eo
913 530 952 573 ex
970 509 1062 575 Pelo·

53 616 199 680 ponneso
223 595 258 658 in
283 593 427 660 Siciliam
450 598 596 679 venerat,
621 595 721 659 homo
749 599 784 660 et
806 595 940 660 callidus
964 602 998 661 et
1021 598 1062 662 ad

55 682 201 748 fraudem
230 687 358 768 acutus,
385 682 454 748 sine
481 683 549 748 ulla
571 682 728 767 religione
751 704 789 747 ac
811 683 889 768 fide,
917 684 998 749 adiit
1021 686 1061 750 ad

54 771 195 836 Dionem
224 775 257 835 et
285 772 344 835 ait:
373 793 446 835 eum
468 791 587 856 magno
611 771 646 834 in
667 771 811 855 periculo
835 793 905 836 esse
927 777 1098 857 proptera

55 859 267 924 offensionem
284 859 398 943 populi
411 863 445 924 et
460 859 570 924 odium
588 858 741 943 militum,
761 860 846 942 quod
859 860 950 925 nullo
964 861 1060 926 modo

56 949 179 1013 evitare
201 951 322 1030 posset,
343 947 408 1011 nisi
427 947 524 1012 alicui
543 968 676 1012 suorum
692 948 862 1033 negotium
881 949 983 1034 daret,
1006 949 1062 1032 qui

58 1058 93 1101 se
107 1036 275 1100 simularet
289 1036 338 1099 illi
352 1036 527 1100 inimicum.
559 1057 654 1118 quem
669 1035 696 1100 si
710 1036 888 1102 invenisset
900 1037 1062 1122 idoneum,

56 1123 152 1189 facile
171 1123 315 1189 omnium
334 1125 459 1188 animos
479 1122 686 1209 cogniturum
705 1124 969 1209 adversariosque
989 1127 1063 1190 sub·

56 1213 209 1296 laturum,
228 1211 313 1295 quod
331 1212 455 1276 inimici
474 1212 542 1276 eius
562 1211 731 1277 dissidenti
749 1234 825 1277 suos
845 1235 958 1278 sensus
972 1236 1063 1298 aper·

57 1302 125 1364 turi
155 1300 270 1365 forent.
316 1300 376 1364 tali
399 1299 535 1366 consilio
558 1301 697 1384 probato
721 1300 848 1384 excepit
869 1301 929 1366 has
951 1306 1062 1387 partes
1081 1321 1099 1369 3

58 1389 129 1472 ipse
152 1386 342 1454 Callicrates
365 1392 456 1453 etse
479 1391 585 1453 armat
611 1389 830 1472 imprudentia
852 1388 977 1455 Dionis.
1023 1392 1063 1455 ad

60 1497 134 1540 eum
155 1476 415 1541 interficiundum
438 1477 543 1542 socios
568 1477 746 1560 conquirit,
769 1477 970 1544 adversarios
994 1479 1062 1544 eius

61 1565 218 1649 convenit,
241 1565 462 1630 coniuratione
487 1565 665 1630 confirmat.
700 1586 765 1648 res,
788 1567 901 1630 multis
924 1567 1062 1631 consciis
1081 1584 1099 1633 4

59 1675 140 1736 quae
154 1658 314 1738 ageretur,
333 1654 419 1717 elata
433 1652 576 1718 defertur
590 1652 630 1716 ad
643 1652 904 1737 Aristomachen,
918 1676 1063 1719 sororem

56 1739 187 1825 Dionis,
214 1763 411 1825 uxoremque
438 1741 569 1805 Areten
615 1739 690 1804 illae
721 1740 838 1804 timore
870 1742 1064 1824 perterritae

57 1830 262 1913 conveniunt,
285 1830 375 1894 cuius
399 1829 438 1894 de
460 1829 604 1913 periculo
628 1828 796 1893 timebunt.
833 1833 868 1894 at
891 1829 946 1895 ille
963 1834 1064 1915 negat

56 1940 76 1982 a
100 1916 274 1983 Callicrate
297 1918 367 1982 fieri
390 1917 454 1983 sibi
476 1916 625 2001 insidias,
652 1917 708 1981 sed
730 1917 804 2001 illa,
828 1939 910 2002 quae
933 1939 1064 2004 ageren-

56 2011 120 2090 tur,
143 2007 213 2071 fieri
235 2010 408 2090 praecepto
432 2028 500 2071 suo.
542 2005 692 2070 mulieres
714 2005 818 2071 nihilo
842 2007 943 2072 setius
967 2004 1098 2074 Calli-5

57 2097 181 2160 cratem
194 2095 229 2158 in
243 2095 354 2159 aedem
364 2094 577 2180 Proserpinae
591 2094 753 2159 deducunt
762 2116 800 2159 ae
814 2093 920 2159 iurare
933 2100 1064 2180 cogunt,

55 2183 140 2248 nihil
168 2184 209 2247 ab
237 2183 295 2246 illo
322 2183 457 2267 periculi
484 2181 553 2246 fore
580 2180 688 2246 Dioni.
734 2183 790 2246 ille
817 2183 878 2246 hac
906 2185 1063 2268 religione

56 2293 123 2336 non
141 2271 237 2335 modo
255 2292 322 2335 non
340 2275 391 2335 est
409 2272 592 2354 deterritus,
615 2270 670 2334 sed
690 2271 730 2334 ad
744 2270 972 2334 maturandum
991 2292 1063 2335 con-

58 2361 179 2424 citatus
199 2364 258 2443 est,
276 2381 389 2424 verens
406 2381 447 2424 ne
465 2358 556 2443 prius
575 2358 746 2422 consilium
765 2358 945 2440 aperiretur
960 2379 1063 2441 suum,

59 2469 157 2532 quam
181 2448 326 2532 cogitata
347 2447 546 2531 perfecisset.

146 2534 217 2600 Hac
245 2540 353 2600 mente
380 2536 529 2619 proximo
557 2534 608 2598 die
635 2532 734 2617 festo,
764 2555 837 2597 cum
860 2555 880 2597 a
903 2535 1102 2601 conventui)

59 2645 93 2689 se
112 2628 274 2688 remotum
287 2624 375 2689 Dion
392 2624 480 2688 domi
499 2626 624 2688 teneret
643 2626 741 2705 atque
759 2621 793 2686 in
813 2622 957 2688 conclavi
976 2623 1062 2688 edito

58 2713 273 2796 recubuisset,
307 2712 444 2777 consciis
468 2710 621 2776 facinoris
648 2710 719 2774 loca
747 2710 925 2776 munitiora
952 2712 1063 2796 oppidi

60 2800 178 2885 tradit,
211 2801 342 2865 domum
374 2800 530 2865 custodiis
563 2798 684 2883 saepit,
717 2821 736 2863 a
762 2798 887 2864 foribus
916 2801 971 2882 qui
997 2823 1064 2865 non

60 2887 239 2972 discedant,
269 2894 374 2954 certos
401 2888 562 2973 praeficit,
590 2909 707 2952 navem
734 2888 901 2952 triremem
929 2888 1099 2953 armatisa

59 2981 155 3043 omat
186 2977 468 3061 Philostratoque,
499 2975 594 3040 fratri
625 2997 699 3059 suo,
732 2976 832 3039 tradit
864 2998 997 3059 eamque
1029 2976 1064 3040 in

58 3071 157 3149 portu
181 3066 306 3150 agitare
330 3066 431 3149 iubet,
452 3069 491 3129 ut
513 3065 541 3129 si
565 3085 711 3128 exercere
730 3065 869 3149 remiges
888 3065 995 3147 vellet,
1014 3085 1064 3128 co-

59 3155 178 3240 gitans,
197 3155 225 3217 si
243 3152 329 3216 forte
344 3153 488 3217 consiliis
503 3152 688 3218 obstitisset
705 3152 847 3235 fortuna,
865 3157 903 3216 ut
920 3153 1064 3235 haberet,

60 3264 124 3326 qua
147 3241 317 3326 aufugeret
340 3240 381 3303 ad
409 3241 555 3306 salutem.
601 3261 734 3305 suorum
757 3245 866 3304 autem
889 3263 906 3305 e
928 3262 1063 3305 numero
1082 3257 1099 3306 3

27 3333 30 3339 ’
59 3329 255 3415 Zacynthios
280 3328 500 3393 adulescentes
524 3329 680 3412 quosdam
703 3328 796 3412 eligit
819 3350 892 3392 cum
923 3329 1064 3394 audacis·

59 3421 161 3484 simos
185 3424 256 3483 tum
278 3417 401 3482 viribus
425 3416 588 3501 maximis,
611 3416 715 3499 iisque
739 3416 795 3480 dat
817 3417 1001 3502 negotium,
1023 3427 1064 3482 ad

59 3506 199 3573 Dionem
223 3510 299 3571 eant
321 3504 474 3584 inermes,
504 3505 551 3569 sic
573 3509 610 3569 ut
634 3504 842 3570 conveniendi
865 3504 933 3570 eius
957 3507 1064 3590 gratia
