2528 4042
147 179 190 242 94
434 169 534 228 xxm.
552 169 751 226 HANNIBAL.
781 176 875 226 e-ro.

147 315 1148 490 11111111111111111111

149 500 252 585 gessit
273 496 338 561 fuit
361 495 515 580 superior.
919 569 921 574 ¹

115 587 135 650 9
239 585 404 650 Antiocho
426 583 539 668 fugato
562 601 674 644 verens
696 601 738 644 ne
760 580 945 663 dederetur,
975 581 1060 663 quod
1084 580 1149 644 sine

151 676 250 742 dubio
279 673 461 756 accidisset,
489 669 518 734 si
544 667 594 731 sui
621 666 752 731 fecisset
778 671 992 753 potestatem,
1022 667 1149 735 Cretam

153 765 194 829 ad
217 762 393 847 Gortynios
415 758 511 840 venit,
532 759 570 820 ut
591 755 647 837 ibi,
671 776 734 837 quo
758 776 793 820 se
817 756 987 841 conferret,
1012 758 1148 822 conside

117 867 133 915 2
152 856 251 918 reret.
280 851 360 916 vidit
378 850 485 912 autem
502 842 551 907 vir
570 842 714 907 omnium
733 843 961 909 callidissimus
979 846 1016 910 in
1034 867 1149 931 magno

154 964 189 1007 se
211 941 279 1006 fore
305 935 460 1020 periculo,
488 931 552 995 nisi
580 931 657 1013 quid
684 931 891 1016 providisset,
918 937 1055 1016 propior
1083 956 1150 999 ava·

154 1030 263 1095 ritiam
290 1021 504 1090 Cretensium:
540 1039 692 1103 magnam
724 1021 810 1084 enim
842 1042 951 1085 secum
981 1023 1151 1104 pecuniam

119 1107 1152 1282 ³trististrististtttittmttqttttt

152 1308 293 1355 summas
325 1284 430 1367 operit
461 1305 539 1347 auro
572 1287 606 1347 et
638 1289 781 1369 argento.
833 1286 893 1350 has
925 1249 1153 1369 praesentibus,

150 1374 348 1462 principibus
381 1371 512 1455 deponit
543 1370 578 1435 in
609 1373 731 1455 templo
759 1372 897 1458 Dianae,
929 1374 1085 1440 simulans
1119 1397 1153 1440 11

152 1485 225 1531 suas
251 1461 398 1526 fortunas
425 1459 557 1523 illorum
584 1459 658 1523 fidei
686 1461 822 1526 credere.
867 1460 919 1525 his
947 1463 982 1525 in
1009 1485 1155 1528 errorem

151 1549 289 1618 inductis
312 1550 438 1612 statuas
463 1552 590 1631 aeneas,
620 1569 699 1631 quas
730 1569 838 1613 secum
865 1549 1032 1633 portabat,
1062 1552 1156 1615 omni

152 1663 211 1707 sua
230 1635 366 1721 pecunia
390 1637 531 1720 complet
554 1657 671 1720 easque
689 1636 724 1700 in
743 1637 916 1720 propatulo
935 1637 1023 1702 domi
1041 1639 1157 1704 abicit.

117 1723 301 1808 4Gortynii
324 1726 484 1808 templum
511 1745 630 1810 magna
658 1746 735 1790 cura
761 1725 961 1809 custodiunt,
989 1747 1055 1791 non
1083 1731 1156 1792 tam

151 1812 307 1882 coeteris
332 1834 430 1896 quam
456 1813 495 1877 ab
518 1812 713 1897 Hannibale,
735 1835 775 1878 ne
798 1814 854 1877 illc
876 1812 1089 1880 inscientibus
1112 1816 1156 1880 iis

150 1902 281 1969 tolleret
303 1921 362 1966 sua
384 1923 556 1986 secumque
579 1903 717 1966 duceret.

111 1989 151 2054 10
241 1986 295 2053 Sic
314 1990 512 2054 conservatis
532 1990 599 2054 suis
617 1989 714 2053 rebus
733 1989 883 2054 omnibus
900 1988 1028 2055 Poenus
1046 1990 1155 2056 illusis

151 2077 359 2146 Cretensibus
388 2078 429 2141 ad
455 2075 604 2141 Prusiam
635 2077 670 2140 in
695 2074 838 2141 Pontum
868 2079 1023 2160 pervenit.
1069 2081 1155 2162 apud

118 2235 120 2239 ,
152 2187 247 2250 quem
266 2167 379 2230 eodem
398 2164 505 2229 animo
523 2163 588 2229 fuit
606 2185 684 2248 erga
697 2163 829 2229 Italiam
842 2187 946 2248 neque
961 2166 1049 2230 aliud
1068 2167 1155 2251 quic-

152 2275 248 2338 quam
277 2254 346 2340 egit
373 2275 470 2337 quam
497 2273 607 2338 regem
632 2253 770 2317 armavit
793 2257 827 2317 et
850 2255 978 2319 exacuit
1000 2256 1155 2321 adversus

117 2357 132 2406 2
150 2342 326 2407 Romanos.
359 2364 454 2426 quem
473 2363 545 2406 cum
564 2341 687 2406 videret
706 2342 892 2407 domesticis
911 2343 1027 2426 opibus
1046 2344 1155 2408 minus

152 2452 223 2496 esse
246 2432 431 2514 robustum,
459 2429 653 2495 conciliabat
676 2433 800 2494 ceteros
823 2451 930 2515 reges,
958 2432 1157 2517 adiungebat

151 2520 324 2584 bellicosas
346 2519 503 2583 nationes.
542 2518 719 2583 dissidebat
741 2519 783 2582 eb
800 2540 838 2583 eo
856 2517 1075 2604 Pergamenus
1099 2541 1157 2585 rex

151 2607 328 2691 Eumenes,
349 2606 506 2671 Romanis
530 2606 761 2691 amicissimus,
782 2606 967 2689 bellumque
990 2607 1077 2672 inter
1099 2630 1156 2673 eos

116 2696 327 2782 egerebatur
354 2699 387 2759 et
414 2694 496 2758 mari
524 2699 560 2759 et
584 2698 684 2779 terra3
715 2695 772 2759 sed
798 2695 969 2778 utrobique
992 2695 1156 2761 Eumenes

152 2786 226 2870 plus
258 2783 387 2848 valebat
422 2786 556 2865 propter
586 2781 807 2848 Romanorum
839 2783 1037 2848 societatem.
1091 2807 1155 2869 quo

154 2873 259 2959 magis
279 2871 429 2956 cupiebat
447 2892 521 2935 eum
538 2869 702 2935 Hannibal
722 2870 869 2953 opprimi,
893 2893 989 2954 quem
1007 2872 1036 2937 si
1053 2894 1157 2938 remo·

154 2963 264 3046 risset,
286 2961 434 3025 faciliora
457 2958 520 3022 sibi
539 2963 646 3024 cetera
663 2958 732 3023 fore
752 2958 981 3024 arbitrabatur.
1011 2960 1157 3026 adhunc

119 3049 414 3116 sinterficiundum
446 3047 546 3112 talem
577 3047 652 3111 iniit
683 3045 850 3111 rationem.
905 3049 1006 3112 classe
1042 3050 1156 3133 paucis

156 3140 267 3204 diebus
292 3141 385 3201 erant
407 3135 575 3200 decreturi.
621 3135 833 3219 superabatur
856 3137 987 3200 navium
1010 3138 1158 3202 multitu-

156 3229 243 3292 dine:
266 3226 339 3290 dolo
364 3229 434 3289 erat
451 3223 669 3308 pugnandum,
692 3244 765 3287 cum
782 3245 843 3306 par
859 3245 925 3288 non
943 3228 1029 3288 esset
1048 3227 1158 3290 armis.

155 3314 328 3399 imperavit
356 3335 452 3396 quam
479 3311 635 3395 plurimas
667 3315 840 3376 venenatas
872 3316 1037 3396 serpentes
1067 3313 1158 3378 viras

122 3418 138 3466 5
158 3404 269 3488 colligi
292 3423 409 3485 easque
434 3401 469 3465 in
487 3421 564 3464 resa
581 3398 696 3463 fictilia
714 3400 825 3465 conici.
859 3399 975 3464 harum
994 3422 1068 3465 cum
1086 3401 1159 3466 effe

158 3492 255 3557 risset
278 3510 430 3576 magnam
453 3487 707 3571 multitudinem,
735 3488 785 3552 die
812 3488 897 3572 ipso,
925 3510 987 3571 quo
1010 3488 1157 3555 facturus
