2528 4042
145 213 188 277 38
523 209 557 266 x.
575 209 673 266 uror.
701 217 779 266 2-4.

145 357 296 421 traderet.
330 377 434 439 neque
457 377 534 421 vero
557 356 664 421 minus
686 356 757 440 ipse
779 354 875 420 Plato
898 355 1078 420 delectatus
1102 357 1153 419 est

144 445 259 509 Dione.
292 446 404 528 itaque
423 466 497 509 eum
516 466 536 508 a
554 449 693 527 tyranno
710 443 881 509 crudeliter
894 443 1035 508 violatus
1056 446 1153 527 esset,

110 637 127 685 4
145 532 738 703 dldldddlt)eeddlddedimi)1ovddduIyldrdeacrdbulsl1
740 531 1153 686 sddsdddhudamihntedffeih

146 711 297 774 morbum
328 709 441 774 incidit
472 706 659 790 Dionysius.
710 730 773 791 quo
806 730 880 773 cum
917 709 1047 795 gravius
1080 729 1153 773 eon-

145 798 336 881 fiictaretur,
360 794 519 879 quaesivit
537 817 557 857 a
575 795 708 861 medicis
728 795 824 880 Dion,
848 819 943 879 quem
963 797 1153 861 admodum

147 908 181 952 se
204 887 348 968 haberet,
371 882 531 966 simulque
555 885 596 949 ab
620 884 661 948 iis
684 885 789 968 petiit,
812 885 841 949 si
863 884 949 949 forte
972 886 1007 949 tre
1030 885 1154 950 maiore

147 979 233 1039 esset
254 972 411 1056 periculo,
440 975 477 1035 ut
506 971 569 1036 sibi
591 972 785 1038 faterentur:
816 995 893 1037 nam
915 975 997 1037 velle
1022 995 1056 1038 se
1080 995 1154 1039 cum

146 1082 184 1125 eo
213 1059 354 1142 colloqui
386 1059 424 1123 de
456 1061 626 1142 partiendo
658 1083 772 1146 regno,
805 1061 890 1145 quod
922 1063 1043 1126 sororis
1077 1084 1153 1127 suae

144 1148 231 1212 filios
250 1170 289 1212 ex
306 1147 364 1212 illo
378 1152 474 1212 natos
488 1153 616 1232 partem
629 1151 722 1235 regni
742 1151 880 1235 putabat
894 1150 1009 1214 debere
1023 1151 1153 1216 habere.

110 1252 126 1301 o
144 1235 177 1298 id
201 1236 317 1301 medici
339 1258 405 1301 non
427 1240 599 1300 tacuerunt
622 1243 655 1302 et
678 1239 718 1302 ad
740 1237 934 1322 Dionysium
962 1238 1066 1303 filium
1091 1261 1154 1304 ser-

145 1345 276 1388 monem
307 1324 513 1389 rettulerunt.
560 1347 623 1407 quo
655 1326 710 1388 ille
739 1332 934 1411 commotus,
965 1348 1005 1391 ne
1035 1327 1154 1412 agendi

146 1415 233 1476 esset
247 1410 346 1477 Dioni
360 1416 517 1496 potestas,
530 1413 618 1495 patri
633 1434 783 1494 soporem
798 1414 939 1479 medicos
950 1415 1025 1478 dare
1036 1417 1155 1501 coligit.

145 1499 208 1564 hoc
232 1520 328 1586 aeger
352 1504 483 1582 sumpto
507 1500 633 1582 sopitus
657 1500 742 1564 diem
766 1501 849 1564 obiit
872 1523 1067 1584 supremum.

110 1590 132 1656 3
235 1587 312 1653 Tale
339 1587 470 1652 initium
496 1587 569 1652 fuit.
582 1587 698 1653 Dionis
728 1592 762 1652 et
783 1587 934 1671 Dionysii
963 1589 1156 1675 simultatis,

147 1699 248 1763 eaque
271 1676 384 1742 multis
407 1678 503 1742 rebus
527 1681 623 1741 aucta
641 1680 699 1742 est.
737 1677 792 1741 sed
809 1681 920 1740 tamen
936 1677 1050 1759 primis
1072 1681 1156 1742 tem·

146 1767 281 1852 poribus
296 1765 495 1849 aliquamdiu
511 1767 665 1831 simulata
682 1767 768 1830 inter
786 1786 841 1830 eos
861 1764 1005 1829 amicitia
1022 1767 1154 1829 mansit.

146 1857 237 1936 aaut,
269 1875 343 1918 cum
365 1852 452 1919 Dion
474 1876 540 1919 non
564 1855 736 1919 desisteret
759 1854 927 1919 obsecrare
949 1851 1157 1938 Dionysium,

146 1947 186 2008 ut
207 1941 378 2006 Platonem
400 1940 540 2007 Athenis
570 1946 746 2007 arcesseret
769 1947 802 2006 et
825 1943 894 2006 eius
918 1941 1062 2006 consiliis
1085 1945 1156 2006 ute·

147 2036 251 2115 retur,
282 2031 352 2114 ille,
384 2031 440 2113 qui
471 2030 506 2094 in
535 2030 644 2112 aliqua
671 2051 706 2093 re
733 2029 832 2094 vellet
863 2033 990 2113 patrem
1021 2030 1156 2114 imitari,

112 2136 129 2186 2
148 2141 272 2184 morem
296 2119 326 2183 ei
349 2119 459 2207 gessit.
496 2118 671 2201 eodemque
689 2123 836 2201 tempore
854 2117 1031 2182 Philistum
1052 2118 1157 2182 histo·

148 2209 252 2272 ricum
276 2205 453 2291 Syracusas
481 2207 623 2290 reduxit,
649 2206 816 2270 hominem
839 2207 979 2270 amicum
1000 2228 1067 2271 non
1090 2229 1156 2271 ma·

149 2297 200 2383 gis
224 2301 362 2380 tyranno
387 2317 484 2380 quam
507 2294 680 2378 tyrannidi.
726 2295 781 2359 sed
804 2295 843 2359 de
866 2294 985 2359 hocin
1008 2313 1045 2358 eo
1068 2294 1155 2360 libro

148 2385 243 2470 plura
276 2389 352 2450 sunt
379 2383 540 2468 exposita,
572 2383 628 2467 qui
660 2383 698 2447 de
727 2383 893 2447 historicis
922 2380 1054 2446 Graecis
1083 2405 1156 2448 eon·

114 2473 291 2558 ascriptus
319 2477 378 2538 est.
422 2472 518 2536 Plato
546 2476 655 2536 autem
687 2475 816 2536 tantum
848 2472 934 2555 apud
960 2470 1155 2554 Dionysium

149 2561 345 2627 auctoritate
378 2560 488 2645 potuit
518 2559 684 2643 valuitque
716 2560 919 2645 eloquentia,
954 2562 992 2623 ut
1024 2559 1054 2623 ei
1085 2581 1155 2644 per·

150 2651 291 2716 suaserit
308 2649 489 2733 tyrannidis
515 2648 621 2712 facere
638 2648 737 2712 finem
755 2649 1004 2730 libertatemque
1023 2648 1155 2713 reddere

151 2736 372 2823 Syracusanis.
390 2759 409 2800 a
423 2758 486 2820 qua
499 2736 667 2800 voluntate
681 2735 814 2799 Philisti
828 2735 964 2800 oonsilio
979 2736 1154 2802 deterritus

151 2827 317 2911 aliquanto
342 2825 501 2890 crudelior
523 2845 593 2888 esse
617 2825 731 2907 coepit.

114 2916 137 2980 4
240 2914 302 2991 Qui
327 2913 455 2996 quidem
480 2934 553 2977 cum
572 2934 591 2976 a
608 2911 714 2976 Dione
737 2933 771 2976 se
795 2914 941 2995 superari
963 2913 1087 2977 videret
1110 2914 1155 2978 in·

150 3004 261 3090 genic,
289 3001 498 3085 auctoritate,
527 3022 636 3065 amore
658 3000 785 3084 populi,
812 3021 928 3065 verens
948 3022 1002 3085 ne,
1029 3001 1057 3065 si
1081 3023 1156 3066 eum

151 3113 260 3157 secum
286 3090 435 3173 haberet,
462 3088 604 3172 aliquam
632 3089 834 3153 occasionem
861 3089 912 3153 sui
935 3089 1027 3153 daret
1050 3090 1156 3173 oppri-

150 3180 267 3264 mendi,
289 3199 404 3244 navem
427 3178 457 3241 ei
475 3178 641 3241 triremem
660 3177 756 3260 dedit,
776 3199 840 3260 qua
854 3176 1047 3243 Corinthum
1066 3178 1156 3244 deve-

150 3270 296 3350 heretur,
324 3266 495 3331 ostendens
523 3286 557 3329 se
585 3265 618 3328 id
640 3265 810 3348 utriusque
837 3264 943 3330 facere
966 3287 1077 3350 causa,
1107 3290 1154 3351 ne,

152 3379 226 3421 cum
239 3357 325 3421 inter
339 3377 373 3419 se
387 3355 550 3437 timerent,
568 3353 724 3418 alteruter
744 3354 882 3418 alterum
895 3361 1155 3438 praeoccuparet.

117 3445 185 3510 rid
208 3467 281 3509 eum
303 3443 427 3508 factum
450 3442 547 3506 multi
573 3442 820 3525 indignarentur
847 3462 1047 3525 magnaeque
1071 3447 1156 3508 esset

152 3532 291 3597 invidiae
319 3536 472 3616 tyranno,
499 3529 676 3614 Dionysius
699 3530 822 3615 omnia,
852 3551 933 3613 quae
956 3531 1080 3596 moveri
1102 3553 1156 3616 po
