2528 4042
209 191 273 254 100
524 187 610 243 XXV.
628 185 788 243 ATTIGUS.
819 192 843 242 1.
862 195 886 242 2.

171 351 187 399 a
293 332 399 397 Huius
422 334 461 397 de
484 332 552 397 vita
575 337 609 397 et
632 332 775 397 moribus
799 333 893 417 plura
915 332 950 396 in
972 354 1009 397 eo
1032 332 1118 396 libro
1141 354 1210 415 per·

207 422 309 486 secuti
337 443 462 506 sumus,
492 442 588 504 quem
611 421 785 505 separatim
808 421 847 485 de
871 443 908 485 eo
933 419 1066 485 fecimus
1090 424 1211 505 rogatu

205 509 242 573 Τ.
259 509 432 595 Pomponii
454 508 567 574 Attici.
605 531 702 592 quare
726 509 890 574 studiosos
909 507 1042 574 Catonis
1065 509 1105 573 ad
1129 508 1211 573 illud

205 600 357 665 volumen
379 599 574 683 delegamus.

602 755 813 764 ----.-

535 898 644 973 XXV.
672 897 882 974 ATTIOUS.

173 1042 190 1105 1
294 1037 328 1101 Τ.
351 1036 551 1120 Pomponius
574 1037 720 1122 Atticus,
747 1039 791 1103 ab
811 1037 936 1124 origine
957 1036 1075 1101 ultima
1098 1036 1210 1122 stirpis

206 1126 371 1190 Romanae
400 1129 587 1211 generatus,
616 1129 773 1211 perpetuo
797 1149 817 1191 a
839 1125 1014 1191 maioribus
1043 1129 1209 1227 acceptam

172 1207 391 1297 sequestrem
419 1214 562 1278 obtinuit
590 1214 793 1298 dignitatem
837 1219 931 1298 patre
957 1235 1036 1279 usus
1064 1218 1115 1279 est
1142 1214 1210 1279 dih-

142 1369 144 1373 ,
207 1305 303 1386 gente
335 1306 382 1385 et,
413 1305 451 1365 ut
481 1305 553 1364 tum
585 1306 678 1365 erant
709 1306 874 1387 tempora,
906 1303 967 1367 diti
998 1303 1208 1386 inprimisque

207 1389 352 1453 studioso
375 1389 569 1452 litterarum.
612 1388 682 1470 hic,
703 1393 802 1471 prout
824 1391 895 1472 ipse
919 1391 1050 1455 amabat
1072 1391 1211 1474 litteras,

207 1477 357 1541 omnibus
389 1475 564 1559 doctrinis,
601 1476 717 1560 quibus
752 1477 886 1560 puerilis
921 1482 1011 1541 aetas
1047 1478 1213 1561 impertiri

171 1566 317 1648 edebat,
343 1564 448 1630 filium
475 1563 622 1629 erudivit
667 1567 737 1628 erat
765 1568 874 1629 autem
899 1565 935 1628 in
956 1585 1056 1648 puero
1078 1571 1214 1647 praeter

207 1654 408 1719 docilitatem
435 1652 557 1739 ingenii
587 1674 713 1718 summa
735 1653 878 1718 suavitas
902 1652 968 1717 oris
991 1655 1088 1736 atque
1110 1655 1214 1739 vocis,

206 1747 328 1808 utnon
346 1742 452 1807 solum
471 1741 619 1806 celeriter
637 1743 797 1825 acciperet
816 1762 897 1825 quae
915 1740 1136 1825 tradebantur,
1156 1742 1215 1807 sed

207 1831 307 1895 etiam
324 1830 517 1894 excellenter
539 1830 773 1913 pronuntiaret.
810 1851 874 1912 qua
898 1851 938 1893 ex
961 1849 996 1893 re
1018 1829 1053 1893 in
1070 1830 1213 1912 pueritia

205 1918 325 1982 nobilis
357 1918 443 1981 inter
475 1919 624 1999 aequales
656 1917 822 1982 ferebatur
853 1917 1034 2000 clariusque
1067 1918 1212 2001 exsplen-

209 2005 374 2086 descebat,
411 2025 508 2086 quam
541 2006 690 2088 generosi
722 2005 936 2089 condiscipuli
967 2005 1073 2069 animo
1107 2027 1211 2090 aequo

124 2168 127 2173 ⁴
171 2090 290 2156 eferre
312 2094 458 2174 possent.
491 2091 601 2175 itaque
619 2091 779 2156 incitabat
797 2114 909 2157 omnes
928 2093 1036 2158 studio
1055 2115 1124 2179 suo,
1147 2115 1211 2178 quo

206 2179 242 2242 in
271 2200 405 2262 numero
437 2178 569 2243 fuerumt
599 2178 636 2243 L.
663 2178 865 2265 Torquatus,
897 2179 932 2247 (i.
959 2179 1082 2246 Marius
1115 2182 1210 2267 filins,

208 2267 253 2332 Μ.
277 2266 405 2333 Cicero:
443 2288 523 2351 quos
551 2268 782 2333 consuetudine
814 2290 874 2334 sua
905 2269 952 2334 sic
983 2269 1143 2356 devinxit,
1172 2275 1209 2335 nt

207 2378 302 2422 nemo
325 2356 366 2421 iis
388 2359 545 2440 perpetua
567 2358 631 2421 oc'tc
652 2355 752 2420 fuerit
775 2357 887 2422 carior.
1207 2429 1211 2436 ,

172 2446 194 2511 2
296 2445 394 2509 Pater
417 2448 543 2508 mature
566 2444 713 2509 decessit.
745 2446 815 2528 ipse
833 2446 1094 2512 adulescentulus
1116 2469 1212 2532 prop·

209 2537 260 2597 ter
282 2531 476 2596 affinitatem
498 2531 534 2596 P.
558 2530 707 2616 Sulpicii,
734 2533 791 2618 qui
812 2535 962 2599 tribunus
985 2534 1093 2617 plebei
1114 2535 1212 2602 inter·

208 2619 312 2683 fectus
341 2623 405 2704 est,
435 2641 502 2684 non
531 2641 644 2704 expers
675 2620 740 2686 fuit
771 2622 859 2687 illius
888 2622 1037 2705 periculi:
1071 2645 1213 2708 namque

208 2705 337 2791 Anicia,
359 2706 531 2790 Pomponii
555 2709 761 2794 consobrina,
782 2713 937 2793 nupserat
961 2708 1087 2796 Servio,
1115 2711 1213 2777 fratri

174 2793 354 2879 tssulpicii.
399 2795 509 2879 itaque
532 2796 704 2863 interfecto
729 2796 871 2880 Sulpicio
893 2802 1107 2883 posteaquam
1129 2801 1214 2867 vidit

208 2882 355 2950 Cinnano
382 2884 526 2949 tumultu
555 2885 721 2950 civitatem
750 2906 819 2950 esse
850 2888 1076 2969 perturbatam
1106 2911 1213 2974 neque

210 2972 273 3036 sibi
292 2972 360 3036 dari
378 2971 569 3037 facultatem
586 2995 646 3058 pro
665 2973 823 3058 dignitate
837 2973 974 3059 vivendi,
997 2976 1075 3059 quin
1094 2978 1213 3043 alteru-

209 3064 294 3125 tram
312 3064 440 3144 partem
458 3060 643 3146 offenderet,
661 3061 843 3126 dissociatis
861 3063 977 3128 animis
992 3064 1120 3151 civium,
1139 3088 1213 3132 cum

210 3149 266 3212 alii
291 3147 441 3234 Sullanis,
464 3149 520 3213 alii
538 3148 692 3214 Cinnanis
715 3147 860 3214 faverent
882 3153 1039 3236 partibus,
1061 3153 1213 3220 idoneum

209 3242 338 3322 tempus
361 3241 451 3302 ratus
475 3237 592 3302 studiis
616 3238 812 3320 obsequendi
835 3239 902 3303 suis
921 3238 1066 3306 Athenas
1086 3263 1121 3307 se
1140 3265 1214 3309 con·

210 3325 296 3389 tulit.
340 3346 444 3409 neque
467 3347 504 3390 eo
529 3324 629 3390 setius
653 3326 891 3391 adulescentem
914 3326 1054 3393 Marium
1082 3329 1213 3397 hostem

210 3413 387 3477 iudicatum
409 3414 493 3478 iuvit
516 3414 630 3496 opibus
654 3414 730 3499 suis,
753 3416 842 3479 cuius
860 3415 972 3502 fugam
990 3418 1128 3501 pecunia
1141 3420 1213 3486 sub-

175 3499 338 3565 elevavit.
379 3521 416 3565 ac
441 3522 480 3564 ne
508 3501 565 3564 illa
587 3503 805 3588 peregrinatio
828 3504 1058 3570 detrimentum
1081 3508 1214 3592 aliquod
