2528 4042
431 163 516 220 XXV.
534 163 693 220 ATTICUS.
721 168 799 219 2-4.
1053 165 1110 230 101

115 308 246 373 afferret
271 309 319 374 rei
345 308 512 392 familiari,
542 307 654 373 eodem
683 329 835 394 magnam
861 312 989 392 partem
1015 309 1116 375 fortu-

113 419 229 461 narum
261 397 391 463 traiecit
418 419 557 462 suarum.
601 396 655 462 hio
686 397 734 460 ita
760 397 858 481 vixit,
888 401 927 461 ut
956 397 1115 463 universis
1147 445 1149 448 -

112 484 369 550 Atheniensibus
397 485 513 550 merito
542 489 629 550 esset
651 485 845 550 carissimus.
889 505 966 549 nam
987 491 1152 570 praeterr

112 573 265 658 gratiam,
287 595 369 656 quae
387 573 453 637 iam
471 574 506 637 in
523 573 763 638 adulescentulo
782 593 901 658 magna
919 576 998 657 erat,
1021 595 1116 658 saepe

112 662 182 726 suis
211 660 326 746 opibus
358 662 502 746 inopiam
531 683 644 726 eorum
674 661 839 746 publicam
869 661 998 725 levarit.
1044 684 1117 727 cum

112 750 201 815 enim
218 770 385 814 versuram
403 749 508 815 iacere
527 750 655 833 publice
672 771 802 815 necesse
821 753 908 814 esset
924 770 1029 832 neque
1047 750 1116 816 eius

112 838 336 904 condicionem
359 858 495 922 aequam
515 837 682 921 haberent,
705 859 832 921 semper
854 858 889 902 se
911 837 1116 922 interposuit,

111 930 211 1010 atque
234 925 281 989 ita
303 930 341 990 ut
361 946 466 1009 neque
488 947 621 991 usuram
642 948 797 1009 umquam
820 926 861 991 ab
888 925 929 990 iis
957 926 1116 1010 acceperit

110 1034 218 1096 neque
240 1014 381 1099 longius,
405 1035 502 1096 quam
526 1014 649 1078 dictum
671 1018 765 1098 esset,
788 1013 903 1078 debere
925 1034 1041 1098 passus
1064 1014 1116 1078 sit.

112 1103 199 1186 quod
226 1105 400 1184 utrumque
428 1105 500 1165 erat
525 1101 566 1164 iis
595 1101 748 1165 salutare:
778 1122 855 1166 nam
881 1123 985 1185 neque
1013 1102 1150 1167 indul-6

111 1190 218 1276 gendo
240 1190 476 1254 inveterascere
500 1211 611 1254 eorum
629 1210 683 1253 aes
702 1189 843 1253 alienum
861 1189 1047 1273 patiebatur
1064 1212 1116 1255 ne

112 1299 174 1362 que
197 1276 453 1360 multiplicandis
471 1277 579 1342 usuns
599 1298 749 1342 crescere.
783 1277 874 1342 auxit
891 1277 954 1342 hoe
973 1277 1116 1343 officium
1135 1296 1150 1344 a

112 1366 177 1431 alia
199 1385 328 1450 quoque
350 1365 562 1430 liberalitate:
588 1387 665 1429 nam
687 1366 854 1431 universos
877 1365 1040 1431 frumento
1064 1366 1117 1432 do-

110 1455 211 1539 narit,
233 1455 283 1518 ita
304 1456 342 1517 ut
365 1453 503 1539 singulis
526 1454 596 1518 seni
619 1454 719 1518 modii
741 1454 846 1519 tritici
869 1454 1038 1540 darentur,
1061 1457 1116 1538 qui

111 1544 226 1608 modus
249 1562 418 1606 mensurae
442 1541 622 1606 medimnus
644 1542 784 1607 Athenis
807 1543 999 1626 appellatur.

200 1629 263 1695 Hic
286 1633 396 1695 autem
420 1629 466 1693 sio
490 1650 524 1692 se
547 1630 695 1714 gerebat,
724 1633 762 1693 ut
785 1630 964 1694 communis
986 1629 1155 1715 infimis,3

111 1739 173 1801 par
199 1717 399 1802 principibus
426 1717 598 1781 rideretur.
644 1738 707 1800 quo
739 1717 863 1783 factum
895 1720 946 1781 est
976 1722 1014 1782 ut
1039 1717 1116 1783 huie

116 1825 227 1868 omnes
245 1803 392 1889 honores,
416 1825 497 1888 quos
515 1808 658 1890 possent,
680 1806 809 1889 publice
826 1804 986 1870 haberent
1002 1806 1116 1870 civem-

115 1913 177 1974 que
207 1891 310 1958 facere
343 1893 525 1958 studerent:
558 1915 621 1977 quo
653 1894 810 1959 beneficio
842 1893 897 1958 ille
928 1894 978 1958 uti
1009 1894 1116 1959 noluit

113 1979 214 2064 [quod
243 1981 394 2046 nonnulli
426 1981 475 2045 ita
506 1982 777 2068 interpretantur,
809 1982 919 2046 amitti
950 1982 1115 2047 civitatem

111 2068 293 2133 Romanam
315 2069 380 2134 alia
406 2069 533 2151 ascita}
579 2071 732 2154 quamdiu
759 2069 865 2154 affuit,
890 2092 931 2135 ne
960 2093 1024 2154 qua
1051 2071 1151 2135 sibia

111 2160 223 2221 statua
248 2161 438 2242 poneretur,
465 2158 602 2241 restitit,
631 2160 747 2224 absens
774 2158 946 2243 prohibere
968 2180 1035 2223 non
1060 2181 1115 2243 po·

111 2245 185 2310 tuit.
220 2245 332 2329 itaque
352 2246 477 2328 aliquot
499 2247 563 2329 ipsi
587 2249 620 2310 et
638 2246 773 2310 Phidiae
795 2247 876 2311 locis
900 2246 1115 2311 sanctissimis

109 2337 302 2418 posuerunt:
328 2333 414 2398 hunc
442 2333 528 2397 enim
554 2334 589 2397 in
616 2334 705 2398 omni
731 2333 957 2416 procuratione
985 2333 1032 2397 rei
1059 2355 1114 2416 pu·

77 2418 80 2422 ⁴
109 2422 214 2486 blicae
250 2425 395 2486 actorem
431 2425 659 2504 auctoremque
697 2421 863 2486 habebant
897 2420 1114 2505 potissimum.

108 2510 212 2594 igitur
234 2509 375 2593 primum
398 2509 478 2573 illud
500 2531 616 2574 munus
639 2509 798 2593 fortunae,
822 2509 907 2592 quod
926 2509 961 2573 in
978 2530 1017 2574 ea
1033 2510 1149 2575 urbea

109 2600 206 2662 natus
235 2602 298 2683 est,
332 2598 367 2662 in
394 2619 459 2680 qua
489 2598 689 2662 domicilium
716 2560 851 2662 orbist
837 2602 997 2663 terrarum
1028 2601 1114 2663 esset

110 2685 253 2770 imperii,
288 2689 326 2750 ut
353 2686 487 2750 eandem
514 2689 548 2750 et
574 2689 632 2769 pat
633 2687 715 2750 riam
740 2685 877 2751 haberet
908 2690 942 2750 et
969 2687 1114 2788 domum3

110 2774 173 2838 hoc
197 2774 359 2858 specimen
380 2773 580 2858 prudentiae,
603 2775 698 2857 qnod,
729 2795 803 2839 cum
831 2775 960 2838 ineam
983 2796 1016 2839 se
1040 2775 1114 2839 civi·
1180 2814 1185 2824 ·

112 2864 214 2926 tatem
229 2862 430 2946 contulisset,
453 2882 535 2946 quae
554 2823 758 2946 airtiquitate,
780 2863 983 2927 humanitate
997 2862 1113 2927 doctri-

109 2971 214 3034 naque
238 2953 420 3033 praestaret
443 2971 564 3034 omnes,
586 2972 669 3014 unus
693 2951 722 3015 ei
744 2950 808 3015 fuit
832 2950 1024 3014 carissimus.

197 3037 271 3103 Huc
294 3059 333 3102 ex
351 3035 432 3101 Asia
450 3036 542 3103 Sulla
564 3037 719 3104 decedens
739 3059 812 3103 cum
830 3038 981 3121 venisset,
1003 3058 1111 3120 quam·
1130 3038 1152 3102 4

110 3125 165 3191 diu
188 3126 235 3190 ibi
262 3125 338 3210 fuit,
368 3146 477 3189 secum
503 3126 618 3191 habuit
640 3125 868 3211 Pomponium,
896 3129 1009 3210 captus
1038 3125 1112 3189 adu·

109 3213 261 3279 lescentis
284 3217 318 3277 et
340 3213 543 3278 humanitate
566 3218 600 3279 et
622 3214 777 3280 doctrina.
811 3214 859 3278 sic
882 3213 967 3278 enim
991 3211 1112 3278 Graece

109 3302 318 3386 loquebatur,
340 3304 378 3365 ut
399 3298 538 3365 Athenis
560 3305 658 3367 natus
681 3303 857 3386 videretur3
888 3304 981 3366 tanta
1004 3304 1112 3366 autem

111 3391 254 3456 suavitas
278 3392 349 3455 erat
372 3389 529 3453 sermonis
548 3387 666 3474 Latini,
688 3393 726 3454 ut
749 3393 919 3474 appareret
940 3389 975 3454 in
997 3410 1035 3454 eo
1057 3411 1112 3454 na

110 3479 215 3544 tivum
233 3477 391 3564 quendam
409 3477 553 3561 leporem
571 3499 650 3563 esse,
672 3498 738 3542 non
756 3478 903 3543 ascitum
935 3476 1021 3542 idem
1038 3481 1112 3562 pod-
