2528 4042
392 170 452 225 xx
469 169 667 227 rmousox
695 176 720 226 ι.
1021 173 1063 238 85

62 315 149 397 quod
176 314 310 398 quisque
338 316 449 398 vellet,
481 315 607 401 legibus
640 317 777 399 experiri
804 317 925 381 liceret.
969 316 1098 403 idem,s

61 425 135 468 cum
163 403 294 486 quidam
321 402 493 486 Laphystii
521 403 650 486 similis,
681 405 810 468 nomine
838 404 1064 491 Demaenetus,

59 492 96 555 in
119 491 269 555 contione
292 490 404 575 populi
427 491 580 555 derebus
600 491 701 576 gestis
721 493 789 557 eius
809 492 975 558 detrahere
994 515 1063 559 coe-

59 580 164 663 pisset
192 601 229 644 ae
255 579 410 644 nonnulla
437 579 679 644 inveheretur
670 602 705 643 m
731 579 950 665 Timoleonta,
982 582 1064 646 dixit

59 689 145 732 nunc
169 667 298 732 demum
322 688 355 731 se
378 667 447 731 voti
470 688 540 731 esse
564 667 764 732 damnatum:
793 689 932 752 namque
959 669 1021 734 hoc
1045 690 1064 733 a

61 756 111 820 dis
138 755 378 820 immortalibus
407 776 534 839 semper
563 759 744 840 precatum,
775 760 813 821 ut
841 756 940 820 talem
969 757 1064 821 liber-

61 848 166 908 tatem
183 845 370 908 restitueret
385 841 605 928 Syracusanis,
627 844 661 907 in
684 865 748 927 qua
770 844 871 910 cuivis
894 844 1007 909 liceret
1025 846 1063 909 de
1093 884 1097 889 -

62 954 128 1016 quo
151 932 249 996 vellet
269 933 351 1014 qaod
370 932 456 996 vellet
477 932 608 1015 impune
631 932 744 996 dicere.

151 1018 213 1085 Hic
236 1042 309 1084 cum
332 1020 417 1084 diem
436 1041 622 1104 supremum
640 1020 771 1105 obisset,
793 1021 922 1104 publice
937 1043 956 1084 a
971 1018 1064 1104 Syra
1083 1034 1100 1084 4

64 1108 191 1174 cusanis
218 1108 253 1172 in
275 1107 460 1194 gymnasio,
489 1108 575 1192 quod
597 1107 856 1174 Timoleonteum
874 1109 1064 1193 appellatur,

63 1200 136 1261 tota
157 1196 340 1263 celebrante
365 1194 475 1261 Sicilia
498 1196 644 1280 sepultus
668 1201 725 1261 est

348 1497 442 1570 XXI.
470 1497 533 1569 DE
560 1497 774 1572 REGIBUS

151 1635 196 1701 Hi
209 1636 276 1701 iere
290 1636 422 1701 fuerumt
436 1633 576 1700 Graecae
590 1637 697 1720 gentis
711 1636 806 1701 duces
807 1637 890 1720 ,qui
908 1637 1063 1702 memoria
1082 1637 1100 1702 l

63 1726 155 1812 digni
177 1725 355 1807 videantur,
377 1726 506 1809 praeter
528 1744 635 1808 reges.
663 1745 801 1806 namque
825 1745 879 1789 eos
902 1725 1063 1810 attingere

61 1813 237 1895 noluimus,
260 1812 345 1895 quod
369 1811 512 1876 omnium
530 1831 582 1874 res
600 1815 711 1896 gestae
730 1813 905 1896 separatim
923 1817 999 1878 sunt
1016 1836 1063 1878 re

63 1904 112 1967 lat
114 1923 159 1964 ae.
190 1921 293 1984 neque
316 1903 426 1964 tamen
447 1900 471 1962 ιι
461 1899 661 1964 admodum
679 1905 755 1965 sunt
773 1900 877 1965 multi.
908 1900 1099 1967 Lacedaea

63 1989 192 2054 menius
216 2011 256 2052 au
258 1992 324 2052 tem
346 1987 518 2073 Agesilaus
544 1988 688 2073 nomine,
716 2010 782 2053 non
809 1993 867 2073 pot
869 1993 953 2054 estat
939 1989 1062 2054 tefuit

64 2101 130 2181 rex,
154 2078 238 2142 sicut
256 2077 355 2142 ceteri
370 2075 530 2160 Spartani.
564 2098 603 2142 ex
621 2076 662 2141 iis
680 2099 765 2161 vero,
789 2077 845 2161 qui
862 2077 1064 2143 dominatum

63 2166 200 2251 imperio
214 2168 397 2248 tenuerunt,
419 2165 680 2229 excellentissimi
698 2165 838 2249 fuenmt,
856 2170 894 2230 ut
906 2188 966 2231 nos
984 2166 1064 2231 iudi-

64 2276 184 2339 camus,
198 2253 369 2319 Persarum
383 2215 486 2336 Syrus
501 2257 534 2317 et
547 2252 665 2317 Darius
666 2252 851 2336 ,Hystaspi
869 2254 965 2337 filius,
988 2275 1064 2352 quo-

64 2365 137 2408 rum
150 2306 285 2425 uterque
298 2340 487 2425 privatus
458 2362 507 2405 ιιι
508 2344 578 2404 tute
591 2362 727 2426 regnum
740 2344 791 2404 est
805 2341 949 2424 adeptus
975 2341 1065 2423 prior

64 2433 181 2496 borum
204 2429 289 2514 apud
306 2428 539 2514 Massagetas
529 2450 565 2492 m
586 2428 709 2512 proelio
729 2427 853 2511 cecidit,
874 2425 994 2492 Darius
1017 2449 1064 2492 se

63 2541 123 2584 nec
125 2523 195 2582 tute
228 2517 312 2582 diem
340 2516 423 2583 obiit
455 2537 648 2600 supremum
693 2520 760 2579 tres
792 2518 868 2580 sunt
898 2519 1099 2598 praetereas

65 2607 208 2672 eiusdem
230 2605 350 2691 gentis:
372 2603 494 2668 Xerxes
517 2608 551 2668 et
572 2604 635 2669 duo
653 2603 861 2687 Artaxerxae,
883 2602 1065 2670 Macrochir

65 2694 255 2796 cognomine
270 2698 304 2758 et
316 2692 478 2758 Mnemon.
501 2691 600 2756 Xerxi
614 2692 751 2756 maxime
765 2696 816 2756 est
828 2654 965 2778 illustre,
979 2693 1065 2777 quod

66 2783 215 2848 maximis
228 2786 304 2865 post
316 2781 485 2846 hominum
498 2781 687 2845 memoriam
701 2780 893 2845 exercitibus
903 2784 991 2845 terra
1000 2803 1064 2844 ma·

66 2871 156 2954 rique
170 2869 292 2934 bellum
306 2869 419 2935 intulit
433 2868 595 2933 Graeciae
618 2874 653 2933 at
665 2868 847 2934 Macrochir
860 2869 1065 2968 praecipuam
1082 2883 1100 2932 4

65 2959 164 3023 habet
173 2957 302 3022 laudem
311 2958 529 3040 ampl1ss1mae
540 2956 838 3041 pulcherrimaeque
848 2976 992 3039 corporis
1002 2954 1065 3018 for

65 3069 136 3111 mae
137 3067 258 3131 ,quam
273 3045 453 3110 incredibili
467 3045 594 3111 ornavit
607 3045 709 3109 virtut
710 3067 727 3109 e
695 3044 833 3109 tbclli
854 3064 1065 3126 namqueo
1007 3042 1065 3107 illo

65 3134 180 3200 Perses
190 3155 285 3197 nemo
295 3154 392 3197 manu
406 3132 469 3198 luit
483 3133 608 3198 fortior
631 3131 785 3197 Mnemon
799 3135 907 3196 autem
920 3130 1065 3195 iustitiae

64 3222 153 3287 fama
165 3221 285 3286 floruit.
302 3242 379 3285 nam
388 3242 462 3284 cum
475 3221 589 3286 matris
603 3242 680 3286 suae
690 3220 809 3286 scelere
819 3219 1066 3284 am1s1ssetuxo

64 3333 143 3396 rem,
161 3314 233 3375 tant
234 3330 289 3374 um
307 3308 443 3372 indulsit
456 3308 569 3393 dolori,
586 3313 624 3374 ut
637 3331 711 3373 eum
724 3307 828 3391 pietas
842 3307 994 3371 vinceret.
1028 3327 1066 3370 ex
1084 3325 1100 3370 5

64 3399 117 3464 his
134 3362 198 3463 duo
215 3397 327 3462 eodem
344 3395 474 3461 nomine
491 3398 605 3462 morbo
618 3401 753 3462 naturae
768 3395 856 3459 debit
842 3399 913 3458 tum
926 3393 1066 3458 reddide-

64 3491 150 3571 rrmt,
165 3487 281 3551 tertius
292 3487 333 3550 ab
342 3484 508 3548 Artabano
518 3485 681 3568 praefecto
691 3483 777 3549 ferro
786 3482 1067 3568 interemptusest
