2528 4042
149 169 215 233 108
448 161 536 216 m.
552 159 718 215 A'l'flcus.
747 165 788 214 12
808 166 850 213 13.

150 312 315 399 praefecto
331 309 464 374 fabrum
477 306 623 388 Antonii,
644 305 812 369 omrem
828 303 965 367 relatum
978 302 1146 386 expedivit

117 402 239 486 equod
264 402 302 465 in
325 397 493 483 praesenti
512 400 624 460 utrum
645 393 676 458 ei
696 392 891 456 laboriosius
912 413 954 455 uu
974 389 1146 476 gloriosius

152 492 267 572 fuerit,
292 487 426 553 difficile
447 490 500 550 est
520 484 673 564 iudicare,
700 480 788 562 quud
810 480 845 542 in
866 500 978 543 eorum
997 478 1147 562 periculis

153 602 221 645 non
252 599 346 643 secus
377 576 527 640 absentes
552 590 648 653 quam
675 570 863 648 praoeeutes
891 567 1012 631 amicos
1036 567 1147 632 Attico

156 660 613 755 mmmmm}
1000 743 1033 755 ..

107 760 149 824 13
245 755 360 839 Neque
380 773 455 816 vem
475 747 531 810 ille
552 763 658 806 nunus
679 741 784 804 bonus
806 746 902 824 pater
929 743 1071 807 familias
1096 742 1148 806 ha

157 847 248 912 bitu„
265 849 318 909 m
328 860 424 924 qum
435 834 522 899 civia
552 851 628 893 nam
645 850 720 893 cum
732 834 820 893 esset
836 831 1041 914 pecuniosus,
1057 851 1149 895 nemo

159 936 219 1001 illo
240 933 344 998 minus
363 925 427 988 suit
442 940 544 1000 emax,
566 918 673 980 minus
692 917 887 983 aedificator.
920 939 1026 1001 neque
1042 923 1152 984 tamen
1195 919 1197 937 “

160 1046 225 1089 110„
240 1013 384 1100 inprimis
400 1010 481 1073 bene
497 1005 661 1069 habitavit
679 1007 891 1090 omnibusque
905 1007 1041 1090 optimis
1055 1008 1150 1072 rebus
1195 1020 1197 1073 ἶ

125 1130 235 1179 ,ugus
256 1108 314 1168 est
347 1119 422 1163 ns1u
443 1095 574 1158 domum
596 1093 713 1158 habuit
729 1095 765 1157 in
783 1095 865 1158 colle
884 1095 1047 1172 Quirinali
1058 1094 1151 1160 'l'am-
1195 1126 1197 1131 ·

158 1194 348 1282 phffimm,
381 1184 422 1248 ab
453 1181 612 1246 avunculo
648 1181 829 1246 hereditate
860 1185 1027 1267 relictam,
1059 1184 1150 1248 cuius

158 1279 332 1350 amoenitas
356 1293 422 1335 non
448 1269 609 1353 aedificio,
634 1269 691 1334 sed
718 1271 801 1334 silva
827 1273 1013 1336 constabat:
1043 1270 1149 1356 ipsum

158 1372 240 1437 enim
266 1365 386 1428 tectum
413 1357 595 1440 antiquitus
618 1357 834 1422 constitutum
855 1360 930 1443 plus
953 1359 1032 1424 salis
1054 1381 1153 1442 quam

157 1455 299 1536 sumptus
325 1446 480 1510 habebat:
515 1444 551 1508 in
580 1466 643 1527 quo
670 1444 752 1507 nihil
779 1448 1005 1530 commutavit,
1031 1447 1099 1512 nisi
1126 1447 1154 1512 si

122 1541 230 1629 aquid
250 1537 412 1600 vetustate
435 1537 567 1598 coactus
589 1535 649 1596 est
683 1553 761 1597 usus
784 1537 836 1597 est
857 1533 990 1617 familia,
1013 1535 1042 1598 si
1065 1535 1155 1600 utili-

155 1635 222 1698 tate
242 1622 447 1688 iudicandum
469 1625 534 1704 est,
556 1621 694 1704 optima,
720 1621 749 1685 si
770 1619 889 1705 forma,
910 1621 965 1686 vix
987 1622 1155 1689 mediocri.

154 1733 287 1795 namque
314 1710 350 1773 in
376 1732 415 1774 ea
441 1713 534 1774 erant
559 1709 652 1792 pueri
678 1709 924 1793 litteratissimi,
953 1715 1155 1795 anagnostae

154 1798 265 1889 optimi
287 1802 322 1862 et
347 1798 481 1882 plurimi
506 1798 646 1881 librarii,
675 1801 713 1861 ut
738 1819 779 1861 ne
805 1798 999 1881 pedisequus
1023 1799 1155 1881 quidem

152 1885 1154 2044 iiudesileumiissdisetbriumoldbnarlifimcblsqlddteiiomiiospbflulhtusri

119 1996 346 2136 edomestilus
379 1996 558 2143 desiderat,
592 2061 737 2143 apprime
768 2061 856 2125 boni.
908 1996 1011 2145 ludique
1043 2067 1154 2129 tamen

150 2154 266 2218 horum
296 2169 491 2232 quemquam
517 2147 581 2212 nisi
609 2148 697 2212 domi
718 2152 833 2213 natum
855 2150 1007 2233 domique
1029 2149 1153 2217 factum

149 2238 277 2304 habuit:
315 2237 401 2321 quod
432 2240 484 2301 est
520 2236 650 2321 signum
684 2257 751 2301 non
787 2238 893 2302 solum
926 2239 1153 2323 continentiae,

149 2327 205 2391 sed
220 2325 319 2390 etiam
333 2324 529 2410 diligentiae.
551 2346 628 2389 nam
642 2329 676 2389 et
687 2346 755 2389 non
767 2325 1022 2410 intemperanter
1041 2349 1154 2393 concu-

148 2415 281 2498 piscere,
304 2414 390 2497 quod
404 2434 424 2476 a
437 2412 586 2496 plurimis
600 2413 719 2496 videas,
742 2414 938 2479 continentis
953 2415 1050 2480 debet
1071 2416 1155 2499 duci,

149 2507 183 2567 et
205 2502 315 2586 potius
337 2501 498 2565 industris
520 2522 617 2584 quam
639 2501 745 2584 pretio
762 2523 878 2585 parare
896 2524 962 2567 non
982 2503 1155 2570 mediocris

115 2594 201 2655 sest
226 2589 422 2673 diligentiae.
463 2589 604 2674 elegans,
633 2610 699 2654 non
726 2591 926 2676 magnificus,
958 2591 1157 2677 splendidus,

149 2699 215 2742 non
235 2680 457 2760 sumptuosus:
481 2677 650 2760 omnisque
673 2678 842 2764 diligentia
864 2679 1066 2764 munditiam,
1088 2702 1156 2746 non

150 2765 337 2831 afluentiam
352 2763 534 2828 affectabat.
557 2765 702 2849 supellex
715 2767 849 2851 modica,
862 2787 929 2830 non
942 2768 1054 2852 multa,
1067 2770 1156 2834 utin

114 2869 131 2917 o
149 2858 299 2919 neutram
312 2856 440 2935 partem
454 2853 598 2937 conspici
611 2858 730 2938 posset.
760 2874 820 2918 nec
833 2856 1027 2940 praeteribo,
1044 2878 1156 2940 quam-

150 2964 247 3027 quam
256 2941 419 3005 nonnullis
428 2941 497 3005 leve
507 2941 613 3006 visum
622 2942 664 3005 iri
672 2946 792 3026 putem,
803 2964 876 3007 cum
885 2943 1033 3027 inprimis
1043 2945 1155 3010 lautus

150 3034 237 3095 esset
255 3051 352 3113 eques
370 3028 537 3094 Romanus
555 3034 589 3094 et
608 3051 674 3095 non
690 3050 806 3112 parum
824 3031 1003 3096 liberaliter
1021 3032 1156 3099 domum

150 3140 242 3183 suam
271 3118 415 3181 omnium
442 3117 591 3183 ordinum
616 3117 764 3181 homines
791 3119 959 3202 invitaret,
989 3142 1056 3185 non
1088 3145 1155 3186 am-

149 3206 235 3290 plius
255 3227 352 3289 quam
371 3210 463 3270 terna
481 3206 572 3269 milia
585 3226 743 3290 peraeque
757 3205 792 3270 in
806 3207 951 3292 singulos
970 3230 1096 3274 menses
1117 3231 1156 3274 ex

115 3307 130 3356 t
151 3293 353 3377 ephemeride
368 3315 441 3358 eum
454 3314 629 3377 expensum
638 3294 783 3377 sumptui
795 3293 880 3359 ferre
891 3295 1032 3360 solitum.
1055 3301 1155 3382 atque

49 3396 54 3469 ῑΙ
150 3380 288 3446 hocnon
298 3382 453 3465 auditum,
467 3382 524 3446 sed
533 3382 700 3467 cognitum
711 3382 947 3465 praedicamus:
962 3405 1057 3468 saepe
1068 3386 1155 3450 enim

49 3520 51 3543 ,
149 3473 283 3552 propter
306 3468 564 3534 familiaritatem
586 3470 773 3535 domesticis
796 3471 893 3555 rebus
916 3471 1135 3539 interfuimus.

49 3546 60 3593 l.
