2528 4042
362 173 447 228 xxv.
465 172 629 228 61110116.
658 178 699 227 16.
720 178 761 228 ra.
1002 173 1062 237 111

61 341 159 385 scere.
204 317 283 384 fecit
309 316 372 384 hoc
399 318 485 383 idem
512 317 688 402 separatim
718 317 754 380 in
785 318 858 383 aliis
889 318 996 401 libris,
1027 321 1099 383 uta

59 407 105 472 Μ.
128 407 224 472 Bruti
250 410 369 492 rogatu
396 404 523 471 Iuniam
550 406 708 470 familiam
738 426 757 469 6
785 406 886 489 stirpe
914 407 955 470 ad
981 406 1065 471 hanc

60 499 204 561 aetatem
223 495 333 560 ordine
352 494 597 578 enumeraverit,
614 498 741 577 notans,
761 493 832 577 quis
851 515 871 557 a
890 514 953 576 quo
973 499 1064 559 ortus

60 605 143 669 quos
180 583 320 648 honores
353 583 533 667 quibusque
570 582 771 666 temporibus
803 581 959 665 cepisset:
994 582 1101 666 paris

59 671 159 737 modo
177 669 324 736 Marcelli
342 668 468 735 Claudii
487 669 724 754 Marcellorum,
748 667 908 753 Scipionis
923 668 1066 736 Cornelii

60 765 94 825 et
121 759 219 824 Fabii
245 757 380 823 Maximi
406 757 583 824 Fabiorum
614 764 649 824 61
674 758 897 823 Aemiliorum.
947 757 1064 841 quibus

60 847 155 913 libris
178 847 260 911 nihil
283 851 485 930 potestesse
508 847 633 911 dulcius
656 847 710 930 iis,
733 846 789 930 qui
812 847 956 929 aliquam
980 846 1065 929 cupi-

61 936 199 1002 ditatem
230 935 352 999 habent
382 935 520 999 notitiae
553 934 714 999 clarorum
745 935 898 999 virorum.
952 933 1100 1018 attigits

61 1024 212 1110 poeticen
234 1044 377 1107 quoque,
400 1021 573 1105 oredimus,
595 1043 636 1086 ne
659 1021 727 1086 eius
751 1042 863 1105 expers
887 1026 973 1087 esset
996 1043 1066 1086 sua

61 1112 183 1178 vitatis.
218 1131 358 1194 namque
381 1109 527 1174 versibus
545 1110 648 1194 (16116,
670 1109 726 1192 qui
748 1109 870 1174 honore
893 1131 1064 1193 rerumque

61 1204 229 1288 gestarum
253 1197 464 1281 amplitudine
487 1201 611 1262 ceteros
635 1197 747 1281 populi
770 1197 909 1262 Romani
931 1199 1065 1282 praesti·

61 1292 186 1372 terunt,
218 1286 367 1370 exposuit
394 1285 455 1368 ita,
485 1289 523 1350 ut
550 1286 610 1350 sub
639 1285 841 1371 singulorum
868 1287 1100 1372 imaginibuse

61 1377 149 1442 facta
181 1375 457 1461 magistratusque
487 1395 599 1439 eorum
630 1396 696 1439 non
726 1374 866 1458 amplius
898 1375 1064 1459 quaternis

62 1465 208 1550 quinisve
241 1462 387 1527 versibus
419 1462 640 1545 descripserit:
677 1463 763 1545 quod
790 1462 844 1527 vix
873 1463 1066 1529 credendum

61 1553 106 1618 611
137 1555 246 1617 tantas
278 1571 330 1614 res
362 1553 431 1614 tam
463 1551 604 1615 breviter
630 1551 777 1632 potuisse
804 1551 968 1616 declarari.
1015 1555 1065 1615 661

62 1642 163 1706 etiam
183 1660 266 1705 unns
290 1638 373 1702 liber
396 1636 517 1702 Graece
546 1636 725 1722 confectus,
755 1638 793 1701 de
821 1639 991 1702 consulatu
1015 1635 1065 1703 ci-

64 1748 198 1794 ceroma.

153 1813 238 1880 Haec
262 1813 419 1879 haetenus
447 1813 559 1878 Attico
586 1813 660 1878 vivo
692 1814 779 1878 edita
806 1835 826 1878 6
852 1814 947 1878 nobis
980 1818 1063 1878 sunt.
1076 1813 1116 1878 19

65 1923 158 1986 nunc,
180 1903 332 1986 quoniam
353 1901 485 1967 fortuna
507 1923 566 1966 nos
590 1902 782 1985 superstites
805 1902 836 1966 ei
859 1923 929 1966 6666
952 1901 1064 1986 voluit,

64 1989 188 2074 reliqua
209 2012 439 2074 persequemur
461 1994 507 2074 61,
535 1995 692 2074 quantum
713 1990 929 2074 potuerimus,
956 2010 1064 2054 rerum

63 2079 217 2163 exemplis
245 2081 382 2144 lectores
409 2079 608 2164 docebimus,
636 2079 721 2143 sicut
747 2100 846 2163 supra
873 2078 1065 2164 significavi·

63 2188 145 2251 mus,
161 2188 237 2232 suos
252 2167 366 2251 cuique
381 2188 487 2232 mores
501 2168 690 2251 plerumque
706 2167 877 2233 conciliare
890 2168 1064 2231 fortunam.

61 2277 201 2339 namque
223 2255 277 2320 hic
300 2259 470 2321 contentus
490 2255 599 2319 ordine
618 2255 770 2338 equestri,
793 2276 856 2338 quo
875 2259 945 2318 erat
964 2259 1099 2338 extusa

62 2345 97 2408 in
120 2343 314 2408 affinitatem
336 2343 483 2427 pervenit
505 2342 711 2426 imperatoris
731 2342 796 2405 divi
814 2341 883 2426 filii,
907 2362 980 2406 cum
998 2342 1064 2405 iam

63 2434 139 2496 61116
170 2431 427 2496 familiaritatem
457 2432 525 2496 eius
553 2435 639 2496 66661
666 2433 856 2495 consecutus
883 2430 973 2493 nulla
1000 2430 1065 2493 alia

62 2542 98 2586 re
126 2540 223 2602 quam
251 2520 413 2606 elegantia
440 2520 539 2603 vitae,
571 2540 636 2602 qua
662 2522 786 2584 ceteros
819 2521 948 2601 ceperat
978 2518 1064 2601 prin·

63 2609 151 2691 cipes
166 2608 308 2673 civitatis
323 2609 482 2694 dignitate
501 2607 581 2692 pari,
598 2606 731 2672 fortuna
748 2606 946 2671 humiliores.
971 2609 1065 2670 tanta
1082 2623 1099 2670 a

63 2697 150 2762 enim
173 2697 371 2781 prosperitas
395 2695 566 2763 Gaesarem
589 2700 641 2760 est
662 2699 847 2779 consecuta,
869 2699 907 2758 ut
928 2694 1010 2759 nihil
1034 2695 1064 2759 ei

62 2805 129 2849 non
157 2785 308 2849 tribuerit
334 2784 479 2868 fortuna,
507 2784 593 2867 quod
621 2785 770 2867 cuiquam
797 2787 872 2847 ante
896 2784 1064 2865 detulerat,

65 2877 98 2936 et
121 2873 310 2956 conciliarit,
333 2874 418 2957 quod
440 2893 534 2937 nemo
553 2871 657 2936 adhuc
674 2872 752 2936 civis
770 2870 936 2936 Romanus
960 2871 1064 2953 quivit

64 2962 226 3044 consequi.
270 2965 348 3025 nata
375 2964 426 3026 661
452 2964 560 3025 autem
582 2957 695 3025 Attico
717 2959 825 3043 neptis
848 2979 887 3022 ex
908 2958 1099 3044 Agrippae

64 3049 117 3114 cui
144 3049 303 3134 virginem
330 3048 431 3112 filiam
459 3049 643 3115 collocarat.
687 3047 771 3112 hanc
794 3044 913 3112 Caesar
934 3045 988 3110 vix
1011 3067 1064 3110 an·

62 3137 206 3202 niculam
228 3136 275 3200 Ti.
299 3135 432 3201 Claudio
460 3135 597 3220 Neroni,
622 3135 769 3200 Drusilla
795 3138 887 3217 nato,
913 3134 1062 3218 priuigno

65 3247 133 3309 suo,
157 3224 340 3308 despondit:
364 3245 445 3307 quae
464 3225 647 3290 coniunctio
665 3222 934 3288 necessitudinem
953 3243 1063 3286 eorum

65 3314 188 3398 sanxit,
210 3312 467 3377 familiaritatem
489 3313 628 3378 reddidit
650 3310 909 3394 frequentiorem.
955 3309 1116 3393 quam-20

65 3424 164 3485 quam
186 3406 261 3467 ante
287 3400 368 3465 haec
390 3400 553 3483 sponsalia
579 3423 645 3465 non
672 3399 790 3483 solum,
817 3420 890 3463 curn
917 3398 957 3461 ab
984 3398 1063 3462 urbe

65 3490 204 3575 abesset,
221 3510 398 3573 numquam
412 3489 453 3553 ad
467 3509 598 3553 suorum
613 3508 806 3572 quemquam
824 3486 951 3550 litteras
965 3485 1064 3566 misit,
