2528 4042
146 173 188 238 80
460 167 722 224 1111101101.
751 176 827 226 1-s.

146 317 297 401 Philippo
321 337 455 380 munera
477 336 614 401 magnae
645 313 799 398 pecuniae
821 314 1004 399 repudiaret
1031 316 1142 416 legati-

147 428 207 507 que
224 405 436 469 hortarentur
454 405 598 488 accipere
616 402 776 486 simulque
794 403 1009 487 admonerent,
1028 403 1057 467 si
1075 403 1141 487 ipse

146 493 187 557 iis
210 492 306 558 facile
329 497 464 577 careret,
485 492 596 556 liberis
619 494 728 555 tamen
751 491 817 556 suis
841 453 1054 575 prospiceret,
1079 491 1142 574 qui·

146 582 209 646 bus
232 580 364 646 difficile
386 543 503 646 11111
493 602 527 643 1n
545 599 670 642 summa
681 582 880 678 paupertate
898 582 1023 644 tantam
1039 582 1142 662 pater·

112 684 225 735 cnam
248 669 333 771 tueri
330 666 539 820 ,110111111,“
517 687 557 730 111
571 663 659 728 ille
662 664 691 728 si
709 665 772 729 mei
791 666 918 742 similes
935 670 1038 751 erunt,
1060 666 1142 732 idem

148 751 910 853 111111111111111111111011111,(11111111111
939 754 1022 818 hanc
1044 753 1141 856 digni·

150 850 253 912 tatem
274 842 434 929 perduxit,
466 840 516 904 sin
537 838 710 904 dissimiles
733 844 810 904 sunt
832 839 943 925 futuri,
965 843 1041 907 nolo
1066 842 1141 908 meis

115 1023 136 1087 2
151 927 531 1099 impedlddsmssddrhdnpdrdpib
545 927 723 1080 ddgaediildiii
738 928 973 1101 ὲὲἷᾷζὲυω
988 1040 1142 1102 prospera

149 1105 345 1193 pervenisset
366 1102 511 1186 fortuna,
533 1103 686 1168 extremis
709 1104 909 1188 temporibus
932 1125 1090 1191 magnum
1110 1106 1142 1171 in

115 1195 257 1260 sodium
277 1191 424 1276 pervenit
446 1211 577 1255 suorum
600 1191 728 1277 civium,
749 1192 855 1276 primo
879 1192 964 1275 quod
987 1215 1062 1258 cum
1084 1193 1142 1259 De

148 1283 240 1346 made
263 1280 301 1344 de
322 1279 401 1343 urbe
424 1278 579 1343 tradenda
592 1243 768 1363 Antipatro
788 1285 994 1346 consenserat
1012 1282 1142 1367 eiusque

149 1367 281 1435 consilio
294 1365 529 1430 Demosthenes
552 1388 625 1431 eum
648 1367 772 1450 ceteris,
796 1369 852 1450 qui
874 1369 955 1434 bene
979 1369 1017 1433 de
1035 1392 1071 1435 11
1089 1392 1142 1454 pn·

147 1456 232 1521 blica
258 1452 365 1518 meriti
393 1453 675 1536 existimabantur,
703 1454 817 1537 populi
844 1456 926 1521 scito
954 1457 989 1520 in
1011 1457 1144 1523 exilium

148 1546 239 1610 erant
265 1540 398 1624 expulsi
442 1563 546 1625 neque
572 1542 607 1606 in
634 1562 671 1607 1ο
700 1540 806 1605 solum
833 1541 1024 1626 offenderat,
1058 1544 1145 1627 uqod

148 1630 269 1717 patriae
302 1629 386 1694 male
409 1630 627 1714 consuluerat,
655 1628 836 1694 sedetiam
868 1629 953 1712 quod
979 1566 1146 1698 amicitiae

114 1720 242 1786 afidem
263 1737 330 1782 non
351 1718 569 1801 praestiterat.
610 1739 749 1800 namque
773 1719 885 1782 auctus
908 1717 1102 1801 adiutusque
1127 1743 1145 1785 a

146 1805 364 1871 Demosthene
387 1828 474 1890 eum,
497 1829 592 1889 quem
615 1806 760 1890 tenebat,
790 1805 977 1870 ascenderat
999 1807 1144 1892 gradum,

147 1915 219 1960 cum
246 1894 399 1959 adversus
422 1892 595 1960 Charetem
622 1916 695 1958 eum
722 1895 927 1959 subornaret:
963 1895 1003 1959 ab
1031 1896 1144 1960 eodem

145 1983 180 2047 in
200 1981 342 2065 iudiciis,
369 2003 442 2046 cum
464 1982 580 2066 capitis
604 2002 734 2047 causam
756 1981 889 2066 diceret,
917 1981 1065 2048 defensus
1090 1983 1143 2048 ali·

147 2069 310 2154 quotiens,
341 2068 498 2133 liberatus
530 2069 730 2134 discesserat
774 2069 860 2134 hunc
882 2091 948 2135 non
976 2070 1081 2135 solum
1111 2072 1143 2136 in

111 2156 297 2241 4perioulis
324 2177 389 2220 non
416 2154 571 2240 defendit,
601 2157 656 2221 sed
683 2156 783 2221 etiam
809 2157 959 2241 prodidit.
1005 2158 1143 2224 concidit

146 2249 255 2309 autem
284 2244 422 2310 maxime
449 2266 513 2310 uno
541 2244 687 2328 crimine,
719 2244 818 2329 quod,
850 2267 923 2310 cum
954 2245 1039 2330 apud
1071 2268 1142 2312 eum

146 2355 308 2398 summum
330 2336 416 2397 esset
437 2331 609 2416 imperium
636 2332 749 2416 populi
771 2333 857 2398 tasso
884 2337 918 2398 et
940 2332 1143 2418 Nicanorem,

146 2419 319 2487 Cassandri
341 2419 549 2505 praefectum,
571 2420 717 2485 insidiari
735 2419 849 2486 Piraeo
869 2420 1141 2504 [Atheniensium]

147 2532 166 2574 a
180 2509 319 2593 Dercylo
334 2513 519 2573 moneretur
536 2507 683 2593 idemque
697 2509 879 2592 postularet
896 2513 934 2573 ut
950 2509 1143 2595 provideret,

145 2619 186 2660 ne
210 2597 443 2661 commeatibus
467 2595 581 2661 civitas
602 2597 799 2680 privaretur,
821 2596 896 2661 huic
919 2597 1069 2664 audiente
1090 2620 1143 2682 po

146 2683 223 2768 pulo
247 2682 392 2749 Phocion
417 2684 550 2768 negavit
572 2705 642 2749 esse
669 2684 848 2768 periculum
875 2705 972 2766 seque
999 2685 1068 2750 eius
1098 2686 1144 2751 rei

109 2771 293 2837 5011111111
323 2771 393 2835 fore
424 2771 588 2855 pollicitus
621 2775 679 2837 est.
723 2793 826 2854 neque
857 2771 905 2835 ita
933 2773 1037 2837 multo
1070 2777 1144 2858 post

147 2858 291 2924 Nicanor
313 2858 427 2923 Piraeo
450 2863 501 2923 est
526 2859 660 2943 potitus.
705 2858 745 2924 ad
772 2880 866 2942 quem
893 2862 1144 2944 recuperandum

147 2970 221 3014 cum
244 2947 381 3031 populus
405 2951 549 3012 armatus
572 2947 795 3030 concurrisset,
817 2946 873 3010 ille
895 2969 961 3013 non
978 2950 1075 3015 modo
1093 2970 1144 3014 ne

148 3037 268 3100 minem
291 3036 331 3099 ad
354 3057 444 3099 arma
465 3035 602 3119 1011111,
579 3034 681 3099 tsed
697 3055 737 3097 ne
757 3034 890 3099 armatis
910 3036 1038 3120 quidem
1056 3059 1144 3122 prae-

148 3146 218 3188 esse
254 3123 366 3188 voluit.
419 3123 501 3203 [sine
533 3145 597 3206 quo
628 3121 775 3186 Athenae
812 3123 942 3188 omnino
975 3146 1044 3189 1111
1080 3147 1144 3191 non

148 3215 294 3295 possunt

113 3296 134 3362 8
148 3213 404 3364 Ρ1111111110
433 3303 578 3381 tempore
601 3296 740 3362 Athenis
763 3299 843 3364 duae
870 3297 947 3364 fact
923 3302 1041 3384 trones,
1072 3322 1144 3384 qua

148 3410 221 3452 rum
247 3409 312 3452 una
337 3387 449 3471 populi
476 3406 604 3451 causam
632 3387 764 3471 agebat,
795 3387 898 3452 altera
929 3387 1143 3471 optimatium

149 3476 184 3538 in
205 3475 266 3540 hac
289 3478 359 3539 erat
381 3474 525 3540 Phocion
548 3476 581 3538 et
603 3472 788 3539 Demetrius
812 3474 993 3540 Phalereus.
1029 3477 1144 3542 harum
