2528 4042
213 158 253 222 18
518 157 566 213 IV.
584 155 795 211 PAUSANIAS.
823 164 848 211 4.
868 164 893 212 5.

210 303 324 368 eodem
346 302 437 367 missi
466 306 572 385 erant,
600 301 707 366 vincla
729 301 887 385 epistulae
909 302 1031 366 laxavit
1054 301 1213 387 signoque

211 393 356 456 detracto
377 391 538 476 cognovit,
561 389 589 454 si
606 390 805 474 pertulisset,
828 389 891 455 sibi
910 411 980 454 esse
1002 389 1212 474 pereundum.

175 495 193 543 a
212 483 306 543 erent
323 479 358 543 in
376 479 487 542 eedem
505 477 646 562 epistula
668 499 750 560 quae
773 478 813 541 ed
831 499 869 542 ea
890 478 1105 561 pertinebant,
1129 499 1213 561 quae

210 568 296 632 iuter
318 588 428 652 regem
449 565 707 649 Pausaniamque
731 570 954 631 convenerant.
998 566 1057 630 has
1080 565 1136 629 ille
1160 566 1213 631 lit-

175 658 298 719 steras
322 655 451 738 ephoris
474 653 616 717 tradidit.
651 674 718 717 non
740 656 791 717 est
812 654 1044 737 praetereunda
1067 653 1212 739 gravitas

210 742 537 809 Lacedaemoniorum
568 741 630 806 hoc
661 741 743 805 loco.
787 762 863 805 nam
889 764 929 806 ne
956 741 1052 806 huius
1081 742 1213 824 quidem

210 831 329 896 indicio
356 829 488 913 impulsi
516 833 592 894 sunt
618 833 656 894 ut
678 827 872 893 Pausaniam
895 829 1213 915 comprehenderent,

209 941 313 1003 neque
331 918 421 1001 prius
435 917 501 981 vim
520 917 734 983 adhibendam
751 921 956 1002 putavenmt,
976 940 1073 1001 quam
1088 938 1122 982 se
1140 919 1213 1003 ipse

69 1072 72 1076 .
174 1008 392 1072 sindicasset.
426 1005 536 1088 itaque
554 1005 630 1070 huic
647 1005 755 1090 indici,
778 1006 855 1089 quid
876 1006 948 1070 fieri
970 1006 1099 1090 vellent,
1121 1028 1213 1089 prae-

209 1092 1068 1268 {illlltulhtul⁶tl³¹l12⁸ldtllultl
1085 1095 1213 1248 tlt

211 1293 273 1354 que
296 1269 449 1336 consedit.
493 1270 576 1335 hanc
599 1270 691 1334 iuxta
716 1269 824 1334 locum
850 1270 997 1335 feceruut
1025 1269 1085 1334 sub
1114 1275 1213 1357 terra,

211 1381 250 1423 ex
273 1380 335 1442 quo
358 1362 470 1441 posset
492 1358 649 1441 exaudiri,
679 1358 802 1442 siquis
827 1359 904 1442 quid
925 1359 1115 1442 loqueretur
1136 1381 1212 1424 cum

175 1445 346 1532 ehrgilio.
386 1446 449 1510 hue
472 1467 511 1510 ex
533 1446 663 1529 ephoris
691 1446 821 1529 quidam
849 1446 1089 1511 descendenmt.
1128 1446 1212 1513 Pau·

210 1535 330 1618 sanias,
352 1537 391 1599 ut
414 1534 538 1599 audivit
559 1533 724 1620 Argilium
747 1533 931 1621 confugisse
953 1535 988 1599 in
1011 1556 1112 1618 aram,
1137 1557 1212 1619 per·

209 1625 361 1688 turbatus
384 1623 473 1686 venit
495 1644 542 1687 eo.
588 1644 683 1706 quem
712 1643 785 1687 cum
813 1623 991 1707 supplicem
1013 1622 1064 1687 dei
1084 1620 1210 1687 videret

208 1712 243 1776 in
266 1733 322 1776 ara
345 1711 518 1794 sedentem,
541 1710 681 1795 quaerit,
704 1732 819 1775 eausee
843 1711 920 1794 quid
942 1711 986 1775 sit
1008 1714 1080 1776 tam'
1096 1730 1207 1792 repen-

209 1800 271 1865 tini
299 1799 433 1865 consilii.
477 1798 554 1863 huic
580 1798 648 1883 ille,
679 1799 756 1882 quid
782 1821 821 1863 ex
847 1799 967 1863 litteris
991 1797 1208 1882 comperisset,

39 1890 40 1894 ’
172 1900 190 1949 e
209 1888 323 1972 aperit.
360 1908 423 1969 quo
442 1887 545 1971 magis
563 1885 741 1951 Pausanias
759 1888 968 1970 perturbatus
987 1908 1079 1951 orare
1093 1886 1211 1970 coepit,

209 1998 249 2041 ne
264 1973 448 2039 enuntiaret
465 1995 527 2038 neu
548 1994 582 2038 se
601 1975 753 2038 meritum
771 1975 809 2038 de
827 1975 885 2038 illo
905 1975 1026 2059 optime
1043 1974 1212 2058 proderet:

211 2063 326 2147 quodsi
349 2083 420 2126 eam
438 2061 565 2126 veniam
583 2061 646 2126 sibi
665 2062 806 2127 dedisset
823 2063 988 2147 tantisque
1006 2063 1213 2146 implicatum

210 2152 307 2216 rebus
330 2149 540 2233 sublevasset,
563 2171 680 2236 magno
703 2150 733 2214 ei
755 2152 898 2234 praemio
921 2151 1076 2216 futurum.

173 2237 196 2302 5
296 2237 358 2303 His
376 2238 473 2303 rebus
492 2238 606 2322 ephori
623 2238 762 2324 cognitis
782 2239 884 2304 satius
902 2243 1059 2323 putammt
1076 2239 1112 2303 in
1130 2240 1212 2304 urbe

210 2350 284 2393 eum
307 2327 541 2411 comprehendi.
588 2348 650 2411 quo
675 2348 748 2391 cum
770 2332 879 2392 essent
907 2327 1046 2411 profecti
1073 2331 1107 2391 et
1129 2326 1214 2392 Peu-

210 2417 317 2482 sanias
340 2416 468 2500 plecato
487 2413 624 2501 Argilio,
646 2419 684 2480 ut
701 2416 848 2500 putabat,
870 2414 1145 2480 Lacedaemonem
1164 2437 1215 2481 re·

209 2508 403 2588 verteretur,
429 2503 464 2568 iu
490 2503 620 2588 itinere,
647 2525 720 2568 cum
747 2503 813 2568 iem
839 2505 874 2569 iu
897 2526 934 2568 eo
958 2508 1044 2568 esset
1065 2508 1104 2568 ut
1126 2525 1214 2568 com·

210 2592 474 2676 prehenderetur,
506 2613 545 2655 ex
573 2591 665 2656 vultu
697 2592 862 2657 cuiusdam
891 2591 1017 2676 ephori,
1049 2591 1105 2675 qui
1136 2613 1214 2657 eum

175 2694 192 2742 2
212 2679 376 2745 admoneri
395 2678 554 2762 cupiebat,
571 2678 705 2744 insidias
724 2680 787 2746 sibi
805 2680 876 2744 fieri
893 2680 1063 2744 intellexit.
1098 2679 1214 2764 itaque

126 2774 128 2779 ’
210 2768 321 2853 paucis
345 2770 419 2830 ante
441 2766 609 2852 gradibus,
632 2788 728 2851 quam
751 2768 807 2851 qui
830 2790 905 2832 eum
926 2768 1155 2852 sequebantur,
1177 2769 1214 2834 in

211 2857 322 2921 aedem
348 2853 525 2939 Minervae,
548 2877 628 2939 quae
652 2854 852 2922 Chalcioicos
875 2860 1022 2941 vocatur,
1054 2855 1214 2941 confugit.

210 2945 349 3010 hincne
372 2943 458 3007 exire
480 2948 601 3028 posset,
626 2945 739 3009 statim
761 2944 874 3027 ephori
896 2944 1006 3008 valvas
1030 2945 1098 3008 eius
1122 2945 1214 3009 aedis

211 3033 442 3098 obstruxerunt
470 3035 655 3116 tectumque
682 3035 758 3097 sunt
785 3030 946 3116 demoliti,
981 3054 1044 3116 quo
1074 3031 1214 3098 celerius

175 3122 272 3186 ssub
295 3121 368 3185 divo
398 3121 555 3185 interiret.
600 3120 718 3185 dicitnr
740 3140 778 3183 eo
801 3122 947 3203 tempore
970 3124 1110 3184 matrem
1130 3120 1214 3186 Pau·

211 3209 319 3274 samiae
342 3208 460 3273 vixisse
484 3229 617 3291 eamque
640 3209 706 3272 iam
728 3227 845 3292 magno
868 3213 957 3293 netu,
979 3211 1155 3292 postquam
1174 3209 1215 3273 de

212 3298 331 3362 scelere
353 3297 413 3361 filii
437 3296 602 3379 comperit,
624 3295 795 3380 inprimis
819 3296 859 3360 ad
877 3297 982 3362 filium
1000 3295 1215 3362 claudendum

174 3385 351 3469 elapidem
374 3385 415 3448 ad
436 3383 607 3448 introitum
630 3383 717 3448 aedis
741 3385 899 3450 attulisse.
935 3384 988 3448 hic
1007 3405 1080 3448 cum
1098 3385 1216 3449 semia·

211 3472 308 3538 nimis
331 3473 370 3537 de
392 3473 515 3556 templo
534 3472 637 3536 elatus
657 3476 751 3557 esset,
774 3473 945 3538 confestim
963 3471 1105 3537 animam
1126 3473 1216 3538 effla·
