2528 4042
221 211 262 272 12
508 207 543 264 II.
561 206 844 264 THEMISTOCLES.
871 211 896 263 7.
913 214 937 262 8.

184 355 285 420 aiam
311 354 363 418 bis
391 353 499 437 copias
527 353 634 439 regias
661 352 776 416 fecisse
806 351 1020 438 naufragium.
1065 349 1226 416 Lacedae-

220 442 346 507 monios
374 446 482 506 autem
505 442 588 506 male
616 444 650 504 et
676 441 796 504 iniuste
823 440 942 524 facere,
969 439 1025 522 qui
1052 437 1085 502 id
1111 439 1224 522 potius

219 530 434 613 intuerentur,
467 529 552 613 quod
584 529 729 612 ipsorum
761 527 974 592 dominationi
1007 548 1104 610 quam
1137 528 1225 611 quod

219 618 386 683 universae
405 615 559 681 Graeciae
581 616 662 680 utile
685 619 780 680 esset.
814 637 923 699 quara,
946 616 975 680 si
997 635 1072 679 suos
1095 614 1224 700 legatos

219 706 360 789 recipere
383 705 517 788 vellent,
545 725 626 788 quos
649 702 796 768 Athenas
820 704 989 787 miserant,
1017 723 1051 767 sc
1079 703 1223 768 remitte

219 797 300 878 rent,
323 814 391 858 cam
414 792 509 856 aliter
531 792 606 856 illos
628 813 805 874 numquam
827 791 862 855 in
884 791 1025 875 patriam
1044 796 1155 854 essent
1178 814 1225 856 re·

219 904 254 947 ce
279 882 354 945 turi.

179 971 198 1034 8
255 904 276 965 p
306 969 428 1033 Tamen
444 991 511 1034 non
528 969 643 1054 effugit
657 967 776 1032 civium
790 989 922 1032 suorum
939 967 1103 1031 invidiam.
1134 989 1225 1033 nam·

219 1078 280 1140 que
299 1057 339 1120 ob
359 1057 494 1121 eundem
512 1057 673 1140 timorem,
692 1077 755 1139 quo
774 1055 945 1120 damnatus
964 1058 1034 1118 erat
1048 1054 1224 1141 Miltiades,

218 1145 412 1209 testulamm
444 1145 606 1230 suffragiis
637 1167 652 1208 e
682 1143 812 1209 civitate
842 1143 963 1207 eiectus
990 1141 1099 1228 Argos
1131 1143 1224 1208 habi-

183 1235 325 1296 atatum
357 1234 526 1298 concessit.
575 1233 629 1297 hic
661 1254 734 1296 cum
765 1235 899 1315 propter
930 1231 1050 1295 multas
1082 1231 1223 1296 virtutes

219 1341 337 1405 magna
364 1343 437 1386 cum
463 1321 624 1406 dignitate
651 1320 786 1403 viveret,
818 1318 1064 1384 Lacedaemonii
1093 1320 1223 1406 legatos

218 1406 364 1473 Athenas
383 1409 550 1493 miserunt,
570 1409 625 1493 qui
644 1429 718 1472 eum
736 1408 904 1472 absentem
919 1411 1116 1492 accusarent,
1134 1408 1223 1491 quod

219 1496 409 1560 societatem
429 1518 501 1561 cum
518 1518 595 1582 rege
613 1495 711 1560 Perse
730 1496 770 1559 ad
790 1493 959 1560 Graeciam
978 1495 1223 1579 opprimendam

182 1600 199 1648 3
218 1583 357 1648 fecisset.
388 1585 451 1650 hoc
466 1585 598 1649 crimine
613 1585 728 1648 absens
747 1584 918 1648 damnatus
937 1587 996 1647 est.
1027 1583 1060 1646 id
1077 1586 1114 1647 ut
1131 1584 1222 1647 audi-

217 1672 275 1756 vit,
298 1673 384 1756 quod
405 1695 471 1738 non
490 1673 570 1737 satis
589 1675 698 1737 tutum
716 1692 750 1736 se
764 1670 864 1757 Argis
882 1670 1022 1755 videbat,
1044 1669 1220 1752 Corcyram

218 1760 421 1845 demigravit.
457 1761 505 1825 ibi
524 1783 597 1826 cum
616 1761 684 1826 eius
702 1759 864 1845 principes
887 1760 1006 1824 casalae
1025 1756 1218 1823 animadver-

217 1849 313 1912 tisset
336 1849 464 1932 timere,
491 1871 531 1913 ne
553 1853 688 1932 propter
710 1869 744 1912 sc
766 1848 889 1912 bellum
911 1848 952 1910 iis
974 1845 1221 1911 Lacedaemonii

219 1938 252 1998 et
280 1935 493 1999 Athenienses
526 1937 717 2019 indicerent,
750 1935 791 1999 ad
818 1934 1009 2018 Admetum,
1040 1933 1222 1999 Molossum

181 2040 336 2106 erogem,
359 2044 432 2086 cum
452 2044 515 2105 quo
535 2023 564 2086 ei
580 2023 761 2107 hospitium
778 2043 841 2086 aaa
859 2027 938 2106 erat,
962 2021 1116 2108 confugit
1157 2022 1223 2086 huc

219 2131 292 2174 cum
310 2110 452 2174 venisset
470 2114 505 2174 et
522 2111 557 2174 in
574 2111 758 2194 praesentia
775 2132 832 2174 rex
851 2112 988 2194 abesset,
1011 2131 1075 2194 quo
1099 2110 1223 2175 maiore

219 2197 374 2282 religione
402 2219 435 2262 se
459 2203 625 2282 receptum
648 2202 808 2281 tueretur,
830 2199 934 2262 filium
957 2199 1026 2264 eius
1049 2199 1223 2282 parvulum

219 2284 356 2369 arripuit
378 2290 412 2350 et
434 2308 508 2351 cum
531 2309 569 2350 eo
593 2307 627 2351 se
649 2287 684 2350 in
707 2286 893 2371 sacrarium,
916 2287 1002 2370 quod
1025 2308 1153 2351 summa
1172 2307 1222 2351 co

216 2374 346 2439 lebatur
368 2375 572 2459 caerimonia,
596 2375 743 2440 coniecit.
774 2375 848 2438 inde
870 2396 936 2439 non
959 2375 1048 2459 prius
1071 2395 1222 2460 egressus

218 2465 281 2544 est,
314 2484 411 2545 quam
438 2484 495 2529 rex
521 2486 595 2529 cum
614 2458 699 2527 ¹data
726 2463 839 2527 dextra
865 2463 900 2527 in
930 2462 1027 2526 fidem
1054 2463 1223 2547 reciperet,

182 2565 199 2613 a
219 2570 316 2632 quam
338 2551 514 2633 praestitit.
548 2573 624 2616 nam
643 2572 716 2616 cum
740 2552 780 2615 ab
799 2550 1054 2616 Atheniensibus
1073 2554 1106 2614 et
1124 2548 1223 2616 Lace·

217 2636 395 2701 daemoniis
424 2644 652 2721 exposceretur
677 2639 820 2723 publice,
851 2639 1030 2723 supplicem
1055 2660 1122 2704 non
1149 2660 1223 2724 pro·

218 2724 300 2788 didit
322 2725 512 2809 monuitque
535 2730 573 2790 ut
595 2728 778 2792 consuleret
796 2727 872 2791 sibi:
894 2725 1026 2791 difficile
1045 2727 1132 2791 enim
1151 2748 1223 2792 esse

216 2811 252 2875 in
274 2815 343 2876 tam
363 2812 547 2898 propinquo
570 2814 642 2880 loco
661 2818 733 2880 tuto
752 2837 826 2879 eum
844 2815 975 2880 versari.
1009 2815 1120 2899 itaque
1139 2813 1223 2900 Pyd·

217 2921 293 2964 nam
320 2922 395 2965 eum
422 2900 535 2967 deduci
562 2902 658 2967 iussit
686 2908 719 2968 et
747 2903 832 2987 quod
855 2903 936 2967 satis
959 2907 1046 2968 esset
1067 2902 1223 2988 praesidii

182 2987 314 3054 odedit.
350 2989 404 3053 hic
422 2989 457 3054 in
474 3012 589 3055 navem
609 2992 759 3056 omnibus
781 2991 913 3076 ignotus
935 2992 1045 3056 nautis
1068 2992 1222 3056 escendit.

217 3098 299 3160 quae
327 3098 401 3141 cum
428 3082 622 3163 tempestate
650 3079 792 3143 maxima
819 3077 948 3144 Naxum
979 3079 1133 3164 ferretur,
1164 3080 1222 3144 ubi

216 3168 288 3228 tum
306 3164 555 3231 Atheniensium
574 3171 644 3231 erat
662 3167 831 3250 exercitus,
854 3169 956 3232 sensit
974 3168 1222 3252 Themistocles,

217 3253 245 3317 si
268 3274 306 3317 eo
329 3255 543 3338 pervenisset,
570 3255 633 3318 sibi
656 3276 726 3319 esse
749 3256 955 3337 pereundum.
999 3255 1061 3320 hac
1083 3256 1222 3322 necessi·

217 3344 285 3404 tate
300 3347 431 3406 coactus
446 3342 577 3407 domino
591 3343 693 3427 navis,
712 3342 784 3426 quis
801 3343 855 3428 sit,
874 3344 987 3428 aperit,
1005 3345 1110 3408 multa
1127 3344 1222 3428 polli-

181 3441 198 3490 τ
218 3448 301 3513 cens,
324 3429 352 3494 si
376 3451 410 3493 se
433 3433 664 3494 conservasset.
701 3434 736 3495 at
758 3430 814 3495 ille
833 3431 1005 3496 clarissimi
1023 3432 1085 3496 viri
1104 3438 1220 3517 captus

216 3516 437 3581 misericordia
458 3517 543 3580 diem
565 3520 758 3601 noctemque
780 3520 893 3602 procul
912 3520 953 3583 ab
972 3519 1079 3584 insula
1096 3519 1134 3584 in
1150 3522 1220 3586 salo
