2528 4042
76 178 142 241 110
385 174 473 230 xxv.
492 173 659 233 amcos.
688 181 803 233 1s—1s.

77 320 272 404 aequalibus
300 324 413 384 autem
440 320 509 384 suis
537 320 576 397 Q.
603 319 787 387 Hortensio
815 326 849 386 et
875 319 920 385 M„
949 319 1107 386 Cicerone

78 409 125 473 sic
152 407 253 489 vixit,
283 412 324 472 ut
350 408 497 473 iudicare
526 409 661 474 difficile
692 410 752 492 sit,
785 409 838 474 cui
870 409 974 474 aetati
1006 407 1108 472 fuerit

43 514 60 562 a
79 495 285 579 aptissimus.
322 518 524 580 quamquam
547 519 622 562 cum
645 497 821 581 praecipue
844 497 960 562 dilexit
982 494 1108 579 Cicero,

79 588 119 649 ut
143 605 187 646 ne
214 583 321 648 frater
348 585 481 668 quidem
504 585 535 648 ei
559 584 702 661 Quintus
727 586 835 649 carior
856 585 959 649 fuerit
982 587 1042 647 aut
1065 583 1109 646 fa

47 670 254 738 smiliarior.
299 672 330 736 ei
352 672 401 736 rei
424 675 502 736 sunt
529 672 651 736 indicio
681 677 814 756 praeter
841 694 897 738 eos
925 672 1046 755 libros,
1075 670 1109 734 in

84 759 204 844 quibus
232 760 272 823 de
299 781 338 823 eo
370 758 452 822 facit
485 760 701 843 mentionem,
734 760 791 843 qui
820 761 856 824 in
882 760 1004 844 vulgus
1032 762 1110 823 sunt

85 847 174 928 editi,
196 847 338 910 sedecim
356 845 527 911 volumina
545 847 771 932 epistularum,
790 849 831 912 ab
847 847 1023 913 consulatu
1040 846 1109 910 eins

85 955 187 1017 usque
215 934 257 996 ad
283 937 469 998 extremum
501 939 633 1020 tempus
666 937 707 1000 ad
734 935 885 1002 Atticum
918 936 1109 1000 missarum:

88 1042 169 1108 quae
191 1020 249 1101 qui
271 1019 372 1104 legat,
394 1044 464 1086 non
487 1025 629 1090 multum
651 1025 814 1090 desideret
835 1024 1013 1088 historiam
1036 1044 1110 1088 con-

54 1112 211 1184 ctextam
234 1127 350 1172 eorum
373 1112 572 1194 temporum
614 1113 661 1178 sie
683 1113 771 1177 enim
795 1112 905 1178 omnia
927 1112 967 1176 de
992 1110 1110 1176 studiis

88 1193 284 1284 principum,
316 1197 408 1262 vitiis
442 1199 576 1286 ducum,
608 1200 847 1266 mutationibus
879 1200 927 1264 rei
959 1199 1109 1283 publicae

89 1281 272 1372 perscripta
295 1288 383 1367 sunt,
405 1290 445 1350 ut
466 1288 551 1352 nihil
575 1291 609 1352 in
632 1289 678 1353 eis
696 1310 764 1352 non
782 1292 944 1373 appareat
961 1292 997 1351 et
1013 1285 1108 1350 facile

92 1369 272 1439 existimari
294 1373 412 1455 possit,
435 1375 644 1456 prudentiam
663 1377 806 1458 quodam
824 1376 921 1441 modo
941 1396 1014 1439 esse
1033 1373 1112 1438 divi·

92 1458 267 1529 nationem
312 1481 381 1525 non
404 1462 493 1526 enim
516 1461 630 1528 Cicero
654 1484 692 1526 ea
720 1463 840 1545 solum,
869 1484 951 1545 quae
975 1462 1054 1526 vivo
1080 1482 1114 1526 se

94 1545 288 1632 acciderunt,
309 1546 424 1614 futura
441 1551 614 1636 praedixit,
637 1551 693 1615 sed
711 1550 820 1635 etiam,
844 1571 926 1633 quae
944 1570 1032 1614 nune
1050 1570 1116 1614 usu

96 1635 236 1719 veniunt,
259 1636 380 1702 cecinit
402 1643 441 1702 ut
463 1644 564 1705 vates.

48 1735 86 1804 17
181 1722 232 1788 De
259 1724 385 1809 pietate
415 1731 527 1793 autem
554 1728 661 1793 Attici
688 1727 765 1810 quid
792 1727 888 1810 plura
918 1746 1116 1790 commemo·

98 1813 187 1886 rem?
233 1835 308 1879 cum
337 1816 402 1880 hoc
428 1817 538 1900 ipsum
565 1837 640 1880 vere
668 1815 864 1900 gloriantem
892 1813 1052 1878 audierim
1080 1814 1116 1878 in

98 1909 209 1974 funere
232 1903 349 1968 matris
373 1925 460 1988 suae,
483 1927 582 1988 quam
605 1904 722 1968 extulit
745 1924 904 1967 annorum
921 1902 1116 1988 nonaginta,

101 2016 174 2064 cum
195 1993 260 2074 ipse
281 1996 356 2056 essct
378 1996 505 2075 septem
528 1996 562 2056 et
584 1992 764 2076 sexaginta,
788 2012 822 2054 se
840 2011 1020 2073 numquam
1039 2011 1115 2054 eum

102 2086 205 2154 matre
223 2079 259 2142 in
277 2079 420 2163 gratiam
438 2080 570 2163 redisse,
591 2100 769 2161 numquam
788 2100 862 2142 cum
880 2099 992 2142 sorore
1010 2077 1114 2142 fuisse

70 2179 139 2245 oin
165 2167 346 2253 simultate,
375 2189 473 2251 quam
500 2188 601 2252 prope
628 2167 796 2251 aequalem
827 2165 980 2230 habebat
1027 2165 1114 2249 quod

106 2266 156 2332 est
183 2259 314 2345 signum
340 2260 400 2322 aut
424 2256 550 2321 nullam
576 2277 731 2338 umquam
759 2255 846 2318 inter
874 2275 929 2319 eos
953 2253 1113 2337 querimo-

106 2356 195 2423 niam
226 2346 461 2430 intercessisse,
493 2349 551 2409 aut
576 2345 662 2409 hunc
692 2364 730 2408 ea
760 2341 862 2406 fuisse
893 2342 928 2406 in
959 2363 1036 2406 suos
1069 2341 1115 2407 in·

108 2437 287 2529 dulgentia,
318 2440 369 2520 ut,
401 2455 482 2519 quos
513 2454 621 2498 amare
648 2432 792 2515 deberet,
823 2429 920 2494 irasci
948 2429 994 2493 eis
1022 2427 1117 2493 nefas

74 2555 90 2604 3
110 2532 249 2602 duceret.
275 2545 379 2610 neque
392 2524 426 2588 id
439 2522 518 2587 fecit
531 2526 649 2587 natura
663 2520 777 2603 solum,
792 2539 988 2602 quamquam
1002 2537 1118 2581 omnes

111 2626 141 2692 ei
162 2637 326 2706 paremus,
354 2613 410 2678 sed
432 2611 531 2676 etiam
553 2608 713 2675 doctrina:
742 2628 818 2671 nam
840 2605 1024 2690 principum
1045 2605 1118 2689 phi·

111 2708 322 2794 losophorum
343 2703 392 2767 ita
417 2703 571 2785 percepta
596 2697 713 2763 habuit
738 2697 923 2780 praecepta,
949 2697 988 2758 ut
1009 2693 1051 2758 iis
1076 2693 1118 2757 ad

112 2804 215 2872 vitam
238 2792 404 2880 agendam,
425 2810 492 2853 non
514 2789 555 2852 ad
577 2785 829 2853 ostentationem
851 2785 1007 2846 uteretur.

63 2898 104 2963 18
200 2883 303 2952 Moris
326 2881 425 2946 etiam
448 2876 607 2942 maiorum
630 2892 774 2940 summus
801 2869 949 2934 imitator
975 2869 1040 2934 fuit
1064 2890 1120 2933 an·

114 2974 343 3066 tiquitatisque
376 2970 516 3050 amator,
553 2984 650 3050 quam
682 2961 760 3026 adeo
793 2959 966 3043 diligenter
1000 2956 1120 3021 habuit

117 3068 295 3156 cognitam,
321 3063 360 3126 ut
386 3077 458 3123 eam
485 3058 590 3119 totam
616 3053 651 3115 in
677 3070 714 3113 eo
737 3047 900 3111 volumine
923 3045 1120 3129 exposuerit,

82 3180 98 3227 2
118 3181 182 3247 quo
205 3151 417 3238 magistratus
441 3142 609 3209 ordinavit.
644 3136 734 3201 nulla
752 3136 837 3200 enim
858 3135 912 3198 lex
933 3155 1036 3216 neque
1055 3154 1121 3216 pax

118 3267 221 3332 neque
248 3241 370 3306 bellum
395 3255 498 3318 neque
525 3251 576 3295 res
603 3225 742 3290 illustris
764 3227 815 3288 est
836 3222 948 3306 populi
970 3221 1121 3305 Romani,

120 3358 203 3424 quae
225 3353 292 3397 non
309 3329 344 3392 in
361 3349 399 3392 eo
419 3344 477 3387 suo
496 3324 641 3400 tempore
661 3315 705 3378 sit
722 3314 846 3394 notata,
869 3314 910 3393 et,
934 3309 1022 3410 quod
1038 3308 1122 3372 diffi-

121 3425 277 3493 cillimum
304 3417 380 3500 fuit,
408 3413 454 3476 sic
476 3406 672 3473 familiarum
695 3401 852 3502 originem
875 3397 1054 3498 subtexmt,
1084 3400 1123 3460 ut

122 3534 222 3580 exeo
246 3510 406 3575 clarorum
428 3499 570 3566 virorum
596 3509 791 3577 propagmes
820 3506 981 3571 possimus
1005 3505 1123 3570 cogno·
