2528 4042
397 203 431 257 II.
450 201 730 259 THEMISTOCLES.
760 211 783 260 6.
804 210 828 260 7.
1077 204 1117 267 11

113 348 181 414 sibi
208 370 280 413 cum
307 348 349 413 iis
377 352 541 413 certamen
567 347 645 413 fore.
691 369 790 432 quare
820 370 875 413 eos
906 372 1003 433 quam
1032 350 1153 414 infir-4

114 437 279 502 missimos
306 458 377 501 esse
404 437 565 501 volebant.
610 440 785 520 postquam
812 441 921 502 autem
949 438 1119 503 audienmt

113 547 224 590 muros
252 526 350 608 st,rui
376 525 578 609 legatost
531 523 677 589 Athenas
706 525 877 609 miserunt,
906 526 961 608 qui
988 527 1020 590 id
1047 526 1119 591 fieri

111 618 270 678 vetarent
315 576 367 676 his
394 613 619 712 praesentibus
648 613 812 677 desierunt
839 634 877 677 ac
904 634 938 677 se
961 613 999 676 de
1024 635 1062 678 ea
1083 635 1118 679 re

111 702 241 788 legatos
271 701 312 766 ad
339 721 393 765 eos
421 701 576 765 missuros
607 701 765 765 dixerunt.
810 701 894 765 hanc
922 701 1153 786 legationemo

112 790 261 873 suscepit
287 787 521 853 Themistocles
549 792 583 852 et
610 789 698 853 solus
727 789 833 873 primo
862 789 1027 872 profectus
1055 793 1119 854 est.

113 878 234 977 reliqui
257 876 358 961 legati
379 879 454 940 utt
454 898 511 940 um
538 877 675 960 exirent,
703 899 775 941 cum
803 881 854 942 sat
855 878 884 941 is
840 877 972 942 talti
999 876 1118 942 tuendo

115 967 202 1029 muri
231 963 386 1029 exstructi
358 963 553 1028 tviderent
539 966 605 1048 tur,
634 965 812 1048 praecepit:
843 966 975 1030 interim
998 985 1119 1050 omnes,

113 1053 202 1122 servi
225 1056 321 1135 atque
344 1051 455 1136 liberi,
479 1073 559 1135 opus
582 1051 727 1117 facerent
748 1074 852 1136 neque
875 1054 934 1118 ulli
956 1054 1028 1119 loco
1047 1076 1119 1138 par-

114 1144 232 1225 cerent,
256 1141 323 1205 sive
347 1161 438 1205 sacer
460 1139 527 1204 sive
549 1140 695 1224 privatus
714 1145 801 1206 esset
819 1141 886 1206 sive
904 1142 1062 1226 publicus,
1086 1145 1119 1206 et

112 1229 263 1313 undique,
287 1228 374 1313 quod
396 1227 552 1293 idoneum¹
570 1229 610 1292 ad
632 1229 840 1293 muniendum
861 1233 1023 1315 putarent,
1046 1251 1119 1295 con-

112 1320 270 1404 gererent.
317 1337 381 1400 quo
408 1315 531 1381 factum
559 1320 609 1381 est
635 1320 674 1381 ut
695 1316 945 1381 Atheniensium
972 1318 1056 1382 muri
1079 1340 1119 1382 ex

115 1406 242 1470 sacellis
267 1404 487 1489 sepulcrisque
511 1409 705 1469 constarent.

202 1493 438 1558 Themistocles
453 1495 570 1577 autem,
583 1497 621 1558 ut
631 1492 904 1559 Lacedaemonem
918 1495 1015 1580 venit,
1029 1495 1118 1559 adire
1138 1493 1156 1555 7

87 1615 88 1619 =
112 1581 152 1646 ad
176 1582 390 1682 magistratus
412 1580 519 1644 noluit
542 1584 575 1645 et
597 1582 685 1646 dedit
708 1603 848 1666 operam,
870 1586 908 1646 ut
931 1604 1028 1667 quam
1051 1583 1118 1647 lon-

112 1670 248 1754 gissime
271 1673 401 1752 tempus
424 1668 563 1752 duceret,
587 1691 716 1734 causam
738 1670 946 1752 interponens
970 1691 1004 1734 se
1024 1670 1117 1733 colle

112 1779 170 1843 gas
195 1761 390 1840 exspectare.
436 1778 510 1821 cum
532 1720 777 1822 Lacedaemonii
801 1762 1013 1840 quererentur
1035 1777 1116 1840 opus
1136 1769 1151 1816 a

112 1845 217 1909 nihilo
241 1845 346 1910 minus
368 1845 438 1908 fieri
462 1867 598 1928 eumque
620 1845 655 1909 in
677 1867 715 1909 ea
737 1866 771 1909 re
796 1845 905 1910 conari
928 1845 1117 1929 fallere,in·

114 1933 214 1996 terim
242 1933 357 2016 reliqui
385 1933 487 2018 legati
518 1937 594 1998 sunt
624 1934 797 1999 consecuti.
843 1956 863 1997 a
892 1934 1010 2018 quibus
1044 1956 1117 1999 cum

114 2021 258 2085 audisset
274 2042 340 2085 non
358 2022 498 2085 multum
516 2042 683 2105 superesse
701 2022 900 2107 munitionis,
919 2024 960 2086 ad
978 2023 1116 2105 ephoros

113 2108 442 2173 Lacedaemoniorum
466 2111 611 2195 accessit,
632 2132 730 2194 penes
755 2132 836 2193 quos
861 2133 1023 2175 summum
1047 2114 1117 2175 erat

110 2198 294 2281 imperium,
317 2201 413 2281 atque
437 2199 521 2279 apud
544 2219 599 2262 eos
623 2199 789 2263 contendit
811 2198 895 2262 falsa
917 2199 958 2262 iis
977 2220 1046 2263 esse
1066 2198 1117 2262 de-

110 2286 192 2350 lata:
217 2306 317 2368 quare
340 2306 478 2369 aequum
502 2307 571 2350 esse
594 2286 668 2351 illos
691 2287 777 2350 viros
801 2287 903 2350 bonos
926 2286 1115 2368 nobilesque

111 2374 243 2438 mittere
269 2373 399 2457 [quibus
417 2373 497 2437 fides
515 2373 714 2457 haberetur],
737 2374 879 2457 quirem
898 2373 1115 2456 explorarentt

111 2462 236 2526 interea
255 2482 289 2525 se
309 2461 453 2525 obsidem
471 2462 656 2526 retinerent.
685 2465 797 2547 gestus
816 2464 868 2525 est
886 2461 916 2524 ei
934 2481 1014 2545 mos,
1037 2464 1115 2524 tres·
1134 2473 1150 2520 s
1204 2492 1206 2496 >

113 2570 174 2631 que
204 2549 306 2634 legati
337 2549 441 2615 limati
473 2550 607 2614 summis
638 2549 816 2615 honoribus
844 2547 991 2613 Athenas
1023 2547 1115 2613 missi

113 2640 198 2700 sunt
232 2658 305 2702 cum
327 2637 381 2702 his
405 2639 545 2722 collegas
569 2659 645 2702 suos
667 2637 902 2702 Themistocles
925 2637 1021 2701 iussit
1043 2658 1115 2721 pro·

112 2724 214 2789 ficisci
235 2725 339 2809 iisque
361 2726 530 2809 praedixit,
553 2728 652 2790 utne
674 2726 764 2809 prius
788 2725 1114 2790 Lacedaemoniorum

112 2811 240 2898 legatos
269 2814 472 2878 dimitterent
500 2835 598 2897 quam
629 2815 699 2897 ipse
727 2817 813 2878 esset
844 2816 1009 2878 remissus.
1053 2813 1149 2878 hosl

109 2904 285 2984 postquam
298 2899 445 2966 Athenas
463 2903 646 2985 pervenisse
659 2904 750 2966 ratus
765 2906 825 2986 est,
844 2902 884 2966 ad
902 2901 1114 2987 magistratus

109 2993 323 3072 senatumque
342 2988 668 3054 Lacedaemoniorum
688 2990 768 3054 adiit
786 2995 820 3054 et
839 2990 923 3074 apud
942 3011 997 3055 eos
1020 2989 1114 3053 liher-

108 3078 190 3142 rime
220 3077 386 3161 professus
415 3082 478 3142 est:
514 3077 728 3142 Athenienses
757 3099 815 3142 suo
846 3078 998 3162 consilio,
1028 3076 1113 3159 quod

109 3165 275 3230 communi
297 3166 366 3229 iure
389 3166 536 3250 gentium
557 3166 663 3231 facere
689 3169 839 3250 possent,
866 3165 943 3230 deos
965 3165 1113 3248 publicos
1204 3177 1206 3184 ’

109 3274 251 3337 suosque
274 3253 398 3336 patrios
418 3274 455 3316 ac
473 3260 616 3339 penates,
638 3275 702 3337 quo
721 3253 849 3318 facilius
869 3253 910 3316 ab
928 3253 1023 3317 hoste
1042 3274 1114 3336 pos·

109 3345 183 3406 sent
206 3340 388 3426 defendere,
410 3341 511 3405 muris
535 3343 693 3426 saepsisse
715 3362 819 3425 neque
841 3342 876 3404 in
898 3361 936 3404 eo
960 3340 1045 3423 quod
1067 3340 1113 3403 in-

108 3430 189 3494 utile
213 3435 301 3493 esset
324 3427 477 3494 Graeciae
499 3427 622 3494 fecisse.
656 3451 732 3494 nam
754 3427 886 3494 illorum
908 3429 1022 3493 urbem
1047 3429 1148 3510 [utJo

108 3517 390 3602 propugnaculum
413 3517 598 3602 oppositum
621 3538 691 3582 esse
718 3517 880 3600 barbaris,
908 3516 992 3601 apud
1015 3537 1113 3600 quam
