2528 4042
160 195 206 261 54
464 190 535 244 ιιι.
554 190 735 247 narinus.
755 199 850 248 e-ro.

160 340 305 406 locorum
330 335 490 423 angustiis
518 336 703 422 clausisset,
735 338 822 422 quod
852 339 958 423 perito
989 339 1162 423 regionum

124 425 336 510 callideque
362 425 521 509 cogitanti
551 447 647 509 saepe
676 390 858 512 decidebat,
886 427 953 493 Aut
939 427 1162 513 t,ophrodates

158 534 233 581 cum
257 513 379 580 bellum
404 512 477 577 duci
505 514 626 578 maiore
653 515 741 600 regis
769 478 955 581 calamitate
982 537 1079 599 quam
1107 517 1162 580 ad-

157 603 373 670 versariorum
403 601 544 684 videret,
574 623 688 685 pacem
720 604 970 707 amicitiamque
990 605 1073 686 prr'at
1072 604 1162 669 inam

158 710 331 758 ικαιοιωιι
351 710 419 754 aem
441 689 667 754 hortatust
616 693 682 775 est,
705 695 742 755 ιιι
766 714 839 757 eum
862 715 939 778 rege
961 694 996 757 in
1018 697 1093 778 grat
1094 693 1162 758 iam

122 794 140 844 ο
159 781 286 848 rediret
320 799 417 862 quam
434 777 542 842 illet
509 782 542 842 et
543 800 571 842 ιι
563 741 688 843 fidani
705 801 772 844 non
789 778 859 844 fore
876 781 1025 866 putabat,
1049 784 1162 846 tamen

159 868 376 936 condicionem
395 866 520 950 accepit
538 888 636 950 seque
657 867 697 931 ad
711 867 774 933 Art
760 873 925 933 taxerxem
942 869 1111 954 legatos
1086 871 1162 934 mis·

158 978 268 1024 summ
285 955 374 1020 dixit.
411 954 458 1019 sic
481 954 612 1042 bellum,
635 956 721 1040 quod
743 979 800 1021 rex
821 956 974 1021 adversus
996 956 1162 1024 Datamen

157 1047 349 1129 susceperat,
371 1042 519 1107 sedatum
542 1048 601 1109 est.
636 1044 901 1130 Autophrodates
924 1045 959 1109 in
980 1044 1162 1131 Phrygiam

156 1155 192 1199 se
213 1153 283 1198 rece
306 1132 341 1196 it.

121 1220 143 1286 9
243 1155 367 1305 Atprex,
386 1220 472 1303 quod
486 1220 692 1304 implacabile
707 1222 817 1287 odium
830 1223 865 1287 in
878 1221 1040 1287 Datamen
1054 1244 1162 1289 susce-

155 1312 257 1394 perat,
274 1312 448 1394 postquam
465 1308 552 1373 bello
571 1330 646 1372 enm
664 1311 804 1392 opprimi
822 1333 889 1376 non
906 1333 1003 1395 posse
1017 1310 1163 1376 animad-

155 1397 262 1481 vertit,
284 1396 411 1462 insidiis
433 1396 615 1462 interficere
639 1397 780 1460 studuit:
804 1418 884 1480 quas
907 1400 964 1464 ille
986 1401 1161 1483 plerasque

120 1485 299 1553 actitavit.
335 1485 428 1569 sicut,
451 1484 574 1550 cumei
594 1485 782 1549 nuntiatum
804 1491 891 1549 esset
914 1487 1071 1568 quosdam
1095 1489 1162 1553 sibi

154 1573 313 1658 insidiari,
342 1574 398 1656 qui
424 1573 459 1638 in
482 1573 659 1639 amicornm
681 1576 774 1638 erant
795 1594 929 1638 numero
954 1571 1006 1659 (de
1030 1575 1162 1661 quibus,

155 1663 242 1748 quod
280 1661 403 1726 inimici
440 1662 640 1746 detulerant,
681 1683 785 1745 neque
826 1661 1017 1727 credendum
1052 1683 1160 1744 neque

153 1750 388 1837 neglegendum
406 1749 558 1838 putavit),
582 1750 720 1836 experiri
736 1750 851 1836 voluit,
868 1770 980 1815 rerum
997 1748 1160 1816 falsumne

120 1838 219 1907 asibi
246 1842 332 1903 esset
359 1840 508 1904 relatum.
552 1840 664 1923 itaque
686 1861 724 1904 eo
746 1839 912 1924 profectus
940 1842 1004 1922 est,
1031 1839 1066 1903 in
1093 1861 1160 1921 quo

153 1928 268 1993 itinere
295 1925 422 1991 futuras
449 1927 583 1993 insidias
612 1928 767 1993 dixerant.
813 1927 868 1992 scd
896 1926 997 2012 elegit
1024 1948 1161 2010 corporo

154 2037 192 2083 ac
214 2019 341 2081 statura
364 2015 565 2080 simillimum
588 2015 638 2080 sui
661 2016 753 2098 eique
776 2015 932 2079 vestitum
955 2037 1050 2080 suum
1070 2016 1162 2080 dedit

154 2108 252 2188 atque
279 2125 318 2168 eo
345 2103 417 2168 loco
444 2102 507 2203 ire,
538 2124 602 2185 quo
629 2103 699 2185 ipse
727 2107 912 2187 consuerat,
942 2103 1053 2189 iussit;
1088 2105 1160 2187 ipse

154 2195 264 2258 antem
286 2195 404 2256 ornatu
425 2191 510 2255 vesti
511 2193 611 2274 tuque
633 2190 719 2255 milit
705 2192 769 2255 tari
787 2191 837 2255 int
839 2212 874 2255 er
893 2192 1038 2275 corporis
1053 2196 1161 2259 custo·

120 2280 260 2348 adesit
261 2301 296 2344 er
246 2279 428 2345 tfaeere
451 2279 567 2363 coepit.
613 2279 807 2344 atinsidiat
793 2284 895 2364 tores,
921 2282 1135 2364 postquam
1125 2304 1161 2345 1n

154 2389 227 2434 enm
249 2389 338 2450 quem
368 2369 543 2434 insederant
568 2282 676 2433 locrim
699 2389 816 2469 agmen
839 2368 1000 2452 pervenit,
1031 2370 1160 2453 decepti

154 2457 264 2522 ordine
283 2462 382 2540 atque
400 2457 522 2521 vestitu
542 2456 728 2540 impetum
718 2479 754 2521 m
767 2478 841 2522 enm
854 2457 979 2521 faciunt
965 2457 1067 2540 t,qui
1086 2479 1161 2542 sup·

152 2545 278 2630 positus
307 2549 386 2609 erat
430 2545 636 2628 praedixerat
668 2546 818 2611 autem
808 2545 850 2609 ris
882 2507 1052 2630 Datames,
1084 2568 1160 2612 cum

153 2632 325 2716 quibusit
327 2655 361 2696 er
311 2632 595 2717 tfaciebat,u
573 2634 749 2717 uttparai
780 2637 889 2698 essent
920 2631 1040 2717 facero,
1073 2637 1161 2737 quod

118 2736 135 2789 t
152 2721 260 2804 ipsum
274 2721 439 2786 vidissent.
476 2721 553 2822 ipse,
572 2724 609 2786 ιιι
623 2726 813 2788 concurrent
815 2743 849 2785 es
799 2720 1000 2786 tinsidiat
986 2725 1074 2786 tores
1093 2725 1161 2788 ani·

152 2831 242 2873 mum
270 2808 423 2892 advertit,
450 2809 553 2874 tela
544 2832 578 2873 ιιι
605 2831 660 2874 cos
688 2810 834 2875 coniecit.
878 2809 941 2873 hoc
970 2810 1056 2874 idem
1084 2832 1160 2877 oum

152 2897 294 2962 universi
308 2896 471 2982 fecissent,
489 2898 678 2981 priusquam
690 2898 895 2982 pervenirent
910 2897 951 2962 ad
969 2919 1042 2963 eum
1061 2921 1160 2982 quem

153 2986 287 3072 aggredi
309 2986 472 3069 volebant,
495 2986 612 3051 confixi
636 2986 853 3051 conciderunt.

102 3073 144 3143 10
240 3073 304 3139 Hic
336 3077 447 3138 tamen
478 3077 546 3138 tam
579 3074 714 3139 callidus
747 3074 798 3138 vir
829 3078 974 3139 extremo
1011 3079 1160 3160 tempore

153 3166 268 3248 eaptus
291 3165 342 3226 est
364 3161 575 3247 Mithridatis,
597 3161 827 3227 Ariobarzanis
850 3163 920 3246 filii,
943 3163 1027 3228 dolo.
1069 3186 1160 3230 nam-

153 3273 215 3335 que
241 3252 270 3315 is
301 3250 468 3334 pollicitus
496 3254 548 3315 est
573 3251 643 3336 regi
670 3272 704 3314 se
732 3271 805 3315 eum
836 3250 1098 3337 interfecturum,
1131 3255 1160 3320 si

152 3361 209 3404 rex
230 3339 444 3423 permitteret,
467 3343 505 3404 ιιι
527 3339 750 3423 quodcumque
770 3340 870 3404 vellet
891 3339 1004 3404 liceret
1026 3341 1160 3426 impune

151 3427 270 3513 faeere,
297 3427 457 3511 fidemque
485 3427 524 3490 de
546 3448 584 3490 ea
607 3449 641 3492 re
664 3449 754 3492 more
776 3427 948 3492 Persarum
971 3429 1086 3494 dextra
1108 3431 1160 3496 de

116 3516 261 3581 adisset.
306 3515 390 3581 hanc
412 3519 450 3580 ιιι
472 3515 598 3600 accepit
619 3538 640 3580 a
661 3516 737 3600 rege
759 3516 907 3600 missam,
930 3517 1040 3600 copias
1062 3524 1161 3605 parat
