2528 4042
144 177 166 240 2
467 125 678 226 Pacnn‘nrlo.
702 177 717 238 5
736 177 813 226 6-8.

144 320 365 386 Romanorum
387 316 488 400 pudet
509 337 643 381 uxorem
665 316 779 380 ducere
802 316 836 380 in
855 316 1059 381 convivium?

145 409 235 474 cuius
258 428 324 472 non
342 409 446 469 mater
465 404 606 468 familias
625 404 766 487 primum
784 405 893 469 locum
911 409 1001 469 tenet
1020 427 1059 468 ae

110 501 243 580 ratque
265 495 301 558 in
323 493 510 558 celebritate
533 493 702 557 versatur?
739 494 825 575 quod
852 494 955 557 multo
985 493 1024 556 fit
1052 516 1059 556 r

145 585 181 648 in
203 582 346 648 Graecia
381 603 457 646 nam
483 601 586 663 neque
613 580 648 643 in
675 581 858 645 convivium
885 581 1056 645 adhibetur

145 672 416 757 propinquorum,
451 689 554 751 neque
587 669 677 732 sedet
707 668 771 732 nisi
802 669 837 732 in
868 670 1021 734 interiore
1054 693 1059 753 p

147 761 285 844 aedium,
313 779 394 842 quac
421 756 643 842 gynaeconitis
672 757 867 841 appellatur,
895 779 958 840 quo
981 779 1059 821 nem

111 848 232 916 coedit
258 847 322 911 nisi
348 845 531 929 propinqua
557 845 750 930 cognatione
776 845 975 910 coniunctus.
1013 847 1059 909 sei

145 938 240 1020 plura
257 933 407 1019 persequi
420 955 494 998 cum
508 933 697 1017 magnitudo
711 933 884 997 voluminis
899 933 1059 1018 prohibet,

145 1023 326 1105 festinatio,
353 1025 392 1085 ut
414 1043 452 1086 ea
474 1021 643 1104 explicem,
673 1041 753 1104 quae
777 1041 909 1085 exorsus
933 1043 1012 1085 sum.
1051 1044 1059 1085 t

146 1112 187 1176 cd
212 1110 417 1196 propositum
444 1109 608 1174 veniemus
631 1112 665 1172 et
690 1110 726 1172 in
751 1109 812 1174 hoc
841 1130 1035 1193 exponemus

147 1199 185 1264 dc
208 1199 276 1264 vita
299 1197 524 1263 excellentium
546 1197 788 1280 imperatorum.

487 1497 513 1571 Ι.
541 1497 811 1570 MILTIADES.

110 1644 126 1707 1
235 1637 410 1720 Miltiades,
428 1633 573 1701 Cimonis
595 1635 691 1720 filius,
709 1634 928 1721 Atheniensis,
953 1659 1059 1702 cume

147 1727 300 1811 tiquitate
328 1723 455 1812 generis
478 1727 512 1787 et
539 1723 645 1809 gloria
671 1724 830 1788 maiorum
853 1729 886 1788 et
910 1746 968 1789 sua
991 1728 1059 1791 mod

146 1836 230 1880 unus
254 1815 399 1880 omnium
421 1812 559 1876 maxime
582 1811 713 1876 floreret
735 1833 835 1896 eaque
859 1819 945 1877 esset
969 1818 1057 1879 aetat

146 1926 212 1968 non
238 1903 304 1966 iam
332 1901 437 1966 solum
465 1901 503 1963 de
526 1921 564 1964 eo
591 1901 673 1963 bene
701 1921 843 1984 sperare,
871 1903 928 1965 sed
955 1903 1054 1966 etiam

32 2064 35 2069 p
147 1990 353 2054 fiderecives
376 1991 509 2072 possent
532 1987 598 2071 sui,
621 1988 721 2051 talem
744 2010 817 2052 eum
839 1988 996 2073 futurum,
1020 2011 1059 2070 qu

148 2079 316 2163 cognitum
342 2076 538 2158 iudicarunt,
566 2075 682 2139 accidit
709 2079 746 2139 ut
772 2075 985 2142 Athenienses
1013 2074 1059 2139 Ch

112 2183 261 2234 anesum
293 2165 424 2230 colonos
456 2163 576 2227 vellent
607 2163 744 2228 mittere.
795 2166 885 2230 cuius
916 2163 1041 2250 generis

148 2275 284 2340 magnus
316 2273 468 2317 numerus
497 2254 583 2315 esset
610 2254 644 2314 et
675 2252 771 2316 multi
803 2254 872 2318 eius
904 2252 1059 2337 demigrat

147 2345 295 2428 peterent
323 2340 524 2423 societatem,
553 2359 592 2402 ex
618 2339 659 2403 iis
687 2341 802 2405 delecti
825 2340 969 2426 Delphos
997 2341 1060 2404 deli

147 2435 219 2495 turn
241 2430 333 2495 missi
356 2432 432 2494 sunt
457 2428 526 2511 [qui
549 2428 753 2492 consulerent
774 2428 984 2514 Apollinem],
1008 2451 1059 2512 qut

148 2519 311 2582 tissimum
337 2518 415 2581 duce
443 2519 618 2580 uterentur.
654 2538 792 2600 namque
820 2521 890 2581 tum
913 2517 1059 2582 Thraece:

148 2606 297 2691 regiones
316 2605 480 2687 tenebant,
498 2625 571 2668 cum
591 2603 706 2687 quibus
723 2606 821 2670 armis
836 2609 906 2669 erat
925 2605 1059 2670 dimican

112 2694 229 2774 3[his]
259 2690 500 2758 consulentibus
530 2692 724 2756 nominatim
751 2692 871 2776 Pythia
902 2695 1059 2777 praecepit

148 2780 331 2846 Miltiadem
353 2780 581 2864 imperatorem
605 2781 667 2845 sibi
690 2784 867 2846 sumerent:
889 2780 923 2844 id
944 2782 972 2845 si
990 2782 1059 2846 fecis

112 2871 278 2954 rinccpta
308 2889 464 2953 prospera
494 2867 612 2933 futura
657 2870 719 2934 hoc
746 2868 868 2933 oraculi
897 2890 1052 2952 responso

149 2957 253 3022 tiades
273 2978 346 3021 cum
364 2956 488 3021 delecta
506 2979 603 3021 manu
618 2958 719 3022 classe
734 2955 971 3022 Chersonesum
987 2957 1059 3041 proi

150 3068 223 3111 cum
246 3045 435 3110 accessisset
457 3043 615 3110 Lemnum
642 3050 675 3110 et
701 3045 823 3109 incolas
851 3046 920 3111 eius
944 3046 1059 3110 insulas

149 3137 347 3219 potestatem
383 3133 526 3218 redigere
559 3134 657 3197 vellet
688 3131 950 3218 Atheniensium,
987 3134 1059 3215 idqu

115 3236 131 3286 5
150 3221 277 3286 Lemnii
299 3243 357 3285 sua
380 3225 496 3305 sponte
518 3221 661 3285 facerent
682 3221 891 3307 postulasset,
913 3221 963 3286 illi
981 3221 1059 3285 irrid

150 3310 384 3394 responderunt
415 3313 486 3373 tum
518 3309 551 3373 id
583 3329 617 3372 se
654 3308 817 3394 facturos,
856 3332 929 3376 cum
964 3309 1021 3373 ille
1056 3341 1059 3367 l

149 3398 286 3462 navibus
317 3398 490 3481 profectus·
509 3401 606 3460 vento
637 3397 786 3479 aquilone
816 3399 958 3463 venisset
985 3396 1059 3462 Lem

149 3485 203 3550 hic
226 3486 313 3552 enim
335 3490 451 3551 ventus
475 3485 514 3548 ab
539 3486 825 3569 septemtrionibus
848 3486 955 3551 oriens
984 3488 1059 3551 adve
