2528 4042
349 169 435 226 XVII.
453 169 661 226 suasurus
689 177 765 227 6-8.
1012 170 1054 235 69

56 312 258 397 apparuerit,
288 313 352 379 nisi
383 314 439 379 ille
470 314 601 398 fiiisset,
634 313 784 398 Spartam
815 314 959 381 futuram
989 337 1055 380 non

56 400 165 465 fuisse.
210 399 244 464 in
267 423 331 484 quo
356 402 484 486 quidem
513 402 696 468 discrimine
720 403 867 468 celeritas
891 404 959 468 eius
983 419 1090 468 con-2

56 489 123 554 silii
143 488 241 552 saluti
263 489 327 553 fuit
345 490 512 555 universis
547 512 624 556 nam
643 513 715 556 cum
730 491 860 574 quidam
875 491 1055 556 adulescen-

54 577 118 642 tuli
150 576 295 641 hostium
325 578 464 642 adventu
495 579 660 661 perterriti
688 579 728 644 ad
754 579 925 644 Thebanos
952 584 1056 644 trans·

54 666 169 767 fugere
188 665 308 730 vellent
326 670 359 730 et
376 666 560 731 locumt
507 672 560 731 ext
561 690 598 731 ra
615 668 729 732 urbem
747 667 869 732 editum
887 667 1056 768 cepissent,

53 752 244 840 Agesilaus,
272 754 327 836 qui
353 755 662 837 perniciosissimum
684 755 754 819 fore
776 754 913 839 videret,
940 755 968 819 si
991 754 1056 818 ani-

55 843 262 907 madversum
294 846 380 906 esset
413 863 607 926 quemquam
639 845 678 907 ad
709 843 785 908 host
771 847 821 908 tes
853 805 1055 942 transfugere

57 929 181 1013 conari,
208 950 281 994 cum
308 930 375 994 suis
404 952 441 995 eo
469 931 558 995 venit
584 935 695 1015 atque,
723 935 761 995 ut
788 931 816 995 si
838 932 924 996 bono
948 931 1055 995 animo

58 1018 219 1100 fecissent,
241 1018 385 1083 laudavit
409 1019 579 1083 consilium
602 1040 722 1102 eorum,
746 1019 831 1102 quod
854 1041 927 1085 eum
948 1019 1056 1083 locum

58 1109 282 1189 occupassent:
304 1105 338 1169 id
361 1127 394 1170 se
414 1127 540 1190 quoque
559 1106 629 1172 fieri
647 1107 762 1171 debere
782 1106 1055 1173 animadvertisse.

57 1194 105 1260 sic
137 1194 357 1258 adulescentes
389 1194 542 1258 simulata
572 1194 758 1259 laudatione
789 1195 991 1280 recuperavit
1023 1196 1090 1259 eta

57 1281 218 1348 adiunctis
251 1282 289 1345 de
321 1282 388 1346 suis
421 1282 593 1347 comitibus
628 1283 736 1348 locum
772 1286 880 1348 tutum
915 1282 1055 1366 reliquit.

57 1392 196 1541 ttttiss
216 1369 563 1524 fistucum
580 1373 1057 1542 {bttuttstsstdttff

61 1546 144 1631 quod
166 1547 268 1611 latere
291 1546 535 1611 arbitrabantur
557 1568 638 1629 quae
661 1548 892 1633 cogitaverant.

147 1633 223 1699 Sine
255 1634 352 1698 dubio
384 1638 461 1718 post
491 1633 694 1699 Leuctricam
727 1656 870 1721 pugnam
901 1633 1094 1698 Lacedae-l

58 1723 160 1787 monii
188 1743 222 1786 se
249 1743 425 1803 numquam
452 1721 633 1787 refecenmt
658 1744 762 1805 neque
794 1722 968 1806 pristinum
999 1721 1057 1784 im-

55 1811 184 1895 perium
197 1813 436 1899 recuperarunt,
454 1832 527 1875 cum
546 1810 677 1875 interim
694 1832 870 1894 numquam
883 1809 1056 1896 Agesilaus

56 1898 186 1964 destitit
215 1898 467 1981 quibuscumque
499 1899 594 1962 rebus
625 1903 737 1982 posset
768 1898 907 1983 patriam
937 1899 1056 1962 iuvare.

55 2009 135 2053 nam
158 2007 229 2050 cum
251 1986 422 2070 praecipue
440 1985 685 2052 Lacedaemonii
708 1987 891 2073 indigerent
912 1984 1057 2070 pecunia,
1074 1999 1091 2048 a

56 2076 114 2140 ille
138 2074 296 2158 omnibus,
319 2074 374 2156 qui
398 2096 417 2137 a
439 2095 514 2159 rege
538 2074 734 2160 defecerant,
755 2075 915 2159 praesidio
938 2074 1014 2139 fuit:
1038 2095 1057 2136 a

57 2163 176 2248 quibus
207 2183 326 2247 magna
356 2163 494 2227 donatus
526 2164 661 2246 pecunia
696 2165 836 2247 patriam
869 2161 1055 2227 sublevavit.

58 2255 156 2333 atque
170 2250 205 2314 in
217 2250 280 2315 hoc
294 2250 374 2314 illud
388 2251 535 2334 inprimis
549 2251 613 2315 fuit
622 2252 820 2335 admirabile,
835 2273 908 2316 cum
917 2250 1057 2314 maxima
1075 2265 1092 2313 8

57 2360 192 2404 munera
215 2338 244 2402 ei
267 2339 307 2402 ab
330 2339 461 2423 regibus
485 2360 521 2403 ac
545 2339 691 2421 dynastis
714 2338 963 2421 civitatibusque
984 2357 1056 2400 con-

57 2428 179 2493 ferrent
180 2447 232 2509 ur,
256 2425 340 2509 quod
362 2426 445 2490 nihil
467 2448 621 2510 umquam
643 2426 774 2491 domum
796 2448 888 2490 suam
910 2423 1058 2506 contulit,

56 2514 140 2580 nihil
154 2514 236 2578 de
206 2518 272 2578 ι111
273 2537 304 2598 u,
258 2513 403 2578 tnihil
418 2515 456 2578 de
470 2518 554 2579 vest1
555 2519 591 2578 tu
527 2513 769 2579 ttLaconum
783 2536 838 2578 mu
839 2513 930 2578 tavit.
959 2513 1092 2578 domoc

57 2603 169 2668 eadem
200 2602 265 2666 fuit
296 2606 480 2686 contentus,
513 2624 576 2687 qua
602 2600 709 2687 Eurys
711 2603 837 2687 theneS,
868 2600 1057 2703 progenitor

58 2691 218 2756 maiorum
249 2712 398 2774 suorum,
429 2691 536 2755 fuerat
567 2713 657 2755 usus:
694 2712 791 2774 quam
823 2690 879 2774 qui
909 2690 1056 2773 intrarat,

57 2779 182 2843 nullum
210 2778 339 2863 signum
366 2741 524 2863 libidinis,
550 2778 675 2844 nullum
697 2779 841 2849 luxuriae
868 2779 975 2844 videre
1002 2799 1056 2861 po·

59 2870 153 2950 terat,
176 2870 289 2931 contra
307 2888 345 2932 ea
364 2866 504 2949 plurima
522 2867 697 2950 patientiae
717 2871 814 2951 atque
832 2867 906 2930 abst
892 2867 1056 2931 tinentiae.

58 2954 105 3020 sic
128 2955 215 3021 enim
238 2958 308 3018 erat
330 2954 498 3038 instructa,
521 2955 591 3019 ut
582 2977 616 3018 m
637 2955 727 3019 nulla
750 2977 784 3020 re
807 2954 949 3050 differret
935 2958 988 3017 tc
1005 2975 1056 3018 cu-

56 3043 158 3108 iusvis
182 3042 288 3124 inopis
313 3046 409 3125 atque
431 3043 560 3127 privati.

144 3130 253 3230 Atque
282 3129 377 3193 hiet
363 3133 473 3195 tantus
501 3131 550 3195 ι11
577 3134 614 3196 ut
636 3153 679 3195 na
680 3135 786 3194 turam
809 3130 906 3195 faut
865 3134 979 3194 trrcem
1001 3131 1055 3194 ha·
1074 3132 1094 3196 8

55 3218 203 3284 buerat
158 3221 266 3283 ttin
252 3217 431 3282 tribuendis
460 3219 559 3283 animi
585 3219 635 3284 vir
636 3220 775 3303 tutibus,
803 3219 849 3283 sic
876 3218 1055 3282 maleficam

54 3311 170 3373 nactus
199 3309 249 3371 est
276 3305 310 3369 in
337 3325 470 3388 corpore
497 3307 661 3392 fingendo:
689 3327 765 3371 nam
788 3309 822 3370 et
845 3309 970 3370 statura
992 3305 1055 3370 fuit

54 3395 171 3460 humili
191 3398 224 3459 et
242 3413 375 3477 corpore
394 3393 509 3478 exiguo
529 3399 562 3458 et
581 3395 712 3459 claudus
732 3394 834 3458 altero
853 3393 941 3476 pede.
974 3414 1054 3476 quae

54 3505 108 3552 res
139 3482 238 3548 etiam
268 3480 456 3546 nonnullam
488 3481 642 3547 afferebat
674 3482 925 3567 deformitatem,
958 3485 1054 3570 atque
