2528 4042
385 177 459 233 XIV.
477 177 659 234 DATAMES.
683 184 759 234 6-8.
1031 180 1074 244 53

66 323 177 388 fuerat
195 323 386 409 cogitatum,
408 323 442 388 id
464 323 505 387 ad
528 324 667 388 salutem
686 325 854 389 convertit.
890 347 953 408 quo
971 347 1075 410 neque

67 411 196 478 acutius
228 412 327 476 ullius
360 412 566 496 imperatoris
596 412 777 497 cogitatum
807 434 912 496 neque
940 414 1075 480 celerius

66 501 193 567 factum
215 521 354 583 usquam
376 500 523 585 legimus.

157 586 210 652 Ab
233 588 297 654 hoc
320 592 430 653 tamen
451 589 521 653 viro
546 585 683 673 Sisines,
713 588 855 653 maximo
877 593 958 654 natu
980 591 1114 676 filius,'l

66 677 186 744 desciit
213 677 254 741 ad
281 697 454 778 regemque
482 677 616 741 transiit
643 677 737 742 etde
765 676 870 742 defect
871 677 944 742 ione
971 679 1075 762 patris

66 768 122 832 det
123 766 196 832 ulit.
243 787 306 848 quo
334 769 416 830 nunt
417 766 449 830 io
402 763 669 830 tArtaxerxes
693 768 888 851 commotus,
918 766 1040 848 quod
1031 789 1077 830 m

66 854 248 955 tellegebat
233 853 339 918 tsibi
367 876 440 918 cum
467 853 537 919 viro
569 851 649 917 forti
676 875 759 919 acs
761 857 876 920 trenuo
908 854 1077 940 negotium

68 966 151 1028 esse,
173 942 230 1026 qui
252 945 286 1006 et
308 942 398 1026 prius
422 941 566 1028 cogitare
590 962 688 1029 quam
707 943 817 1008 conari
835 946 1023 1008 consuesset
1040 947 1077 1027 11,

71 1054 145 1097 cum
158 1031 232 1116 cogi
232 1033 345 1114 t,asset
362 1029 469 1096 facere
488 1030 629 1130 auderet,
647 1027 930 1114 Autophrodatem
947 1031 982 1096 in
996 1029 1076 1132 Cap-

69 1120 239 1206 padociam
266 1119 381 1183 mittit.
357 1118 479 1182 11111
505 1139 609 1183 nem
609 1121 696 1183 trare
723 1122 849 1204 posset,
880 1121 1013 1203 saltum,
1042 1119 1112 1184 ina

70 1229 135 1292 qno
154 1206 287 1274 Ciliciae
310 1211 424 1291 portae
448 1210 525 1271 sunt
548 1206 639 1306 sitae,
661 1206 818 1272 Datames
841 1229 1077 1292 praeoccupare

69 1297 205 1362 studuit
250 1295 306 1360 sed
333 1299 402 1359 tam
432 1295 541 1360 subito
569 1287 678 1379 co‘pias
707 1295 897 1362 contrahere
924 1319 991 1362 non
1021 1313 1111 1381 poc

70 1385 147 1451 tuit.
191 1406 211 1448 a
238 1406 302 1468 qua
329 1405 364 1448 re
391 1384 543 1467 depulsus
572 1405 645 1448 cum
673 1406 711 1449 11
737 1406 849 1469 manu,
879 1407 976 1468 quam
1004 1407 1077 1450 con·

72 1476 229 1554 traxerat,
252 1472 361 1536 locum
384 1472 505 1557 delegit
528 1472 644 1557 talem,
666 1477 705 1537 ut
726 1495 830 1556 neque
854 1473 1078 1539 circumiretur

72 1563 114 1626 ab
140 1561 291 1626 hostibus
317 1582 422 1644 neque
451 1561 645 1644 praeteriret
672 1561 888 1645 adversarius,
921 1563 999 1644 quin
1025 1583 1079 1625 an·

69 1649 1078 1820 1111111111111111111111111111

158 1825 249 1890 Haec
276 1826 339 1890 etsi
361 1824 627 1908 Autophrodates
654 1824 798 1908 ridebat,
826 1828 936 1888 tamen
964 1824 1116 1892 statim8

67 1915 184 1980 maluit
205 1913 358 1999 congredi
381 1935 479 1997 quam
502 1934 575 1977 cum
598 1913 699 1977 tantis
723 1913 826 1996 copiis
848 1912 996 1998 refugere
1019 1916 1077 1978 aut

68 2008 140 2069 tam
163 2002 218 2067 diu
240 2024 305 2067 uno
327 2002 400 2067 loco
424 2002 542 2066 sedere.
586 2001 731 2067 habebat
753 2002 967 2066 barbarorum
990 2002 1112 2085 equi-a

68 2097 143 2157 tum
161 2090 289 2176 viginti,
311 2090 457 2174 peditum
477 2093 606 2154 centum
629 2090 728 2175 milia,
752 2112 833 2174 quos
852 2091 902 2154 illi
916 2088 1077 2156 Cardacas
1187 2137 1190 2145 -

69 2180 252 2265 appellant,
282 2178 487 2261 eiusdemque
515 2179 643 2263 generis
666 2179 731 2243 1111
753 2178 844 2243 milia
866 2178 1078 2263 irmditorum,

68 2272 239 2354 praeterea
253 2265 481 2350 Cappadocum
501 2267 698 2350 0111111110
720 2265 950 2331 Armeniorum
968 2267 1078 2330 decem

69 2357 176 2441 milia,
202 2355 451 2455 Paphlagonum
475 2354 616 2437 quinque
644 2317 748 2438 milia,
775 2352 944 2437 Phrygum
967 2354 1078 2417 decem

69 2445 178 2529 milia,
200 2443 250 2528 Ly
251 2445 365 2508 dorum
388 2443 529 2526 quinque
552 2442 656 2526 milia,
678 2440 918 2524 Aspendiorum
941 2444 975 2506 et
996 2439 1077 2504 Pisi·

69 2496 185 2599 daruni
208 2533 337 2598 circiter
359 2531 424 2596 tria
446 2530 550 2613 milia,
573 2529 711 2596 Cilicum
734 2529 797 2593 duo
819 2528 911 2617 milia
915 2527 1076 2614 ,Captia-

68 2643 187 2687 norum
215 2621 366 2707 totidem,
395 2641 435 2684 ex
462 2580 598 2683 Graecia
626 2618 858 2683 conductorum
885 2580 950 2682 tria
976 2618 1077 2702 milia,

68 2709 151 2775 levis
184 2714 366 2774 armaturae
398 2707 576 2772 maximum
606 2728 785 2771 numerum.
829 2706 890 2771 has
922 2708 1112 2772 adversust

72 2798 181 2882 copias
209 2819 283 2882 spes
311 2797 416 2862 omnis
445 2794 646 2860 consistebat
667 2793 735 2859 Dat
720 2795 801 2859 tami
828 2794 863 2859 in
886 2816 920 2860 se
949 2796 1077 2895 locique

70 2889 187 2951 natura
206 2884 359 2972 (namque
381 2885 477 2949 huius
500 2888 628 2967 partem
644 2905 711 2947 non
727 2882 919 2948 habebat
889 2882 1077 2948 ncesimam

69 2972 237 3060 militum)
288 2975 405 3056 quibus
437 2973 502 3036 fret
488 2976 541 3036 tus
574 2971 720 3037 conflixit
705 2971 1076 3052 tadversariorumque

69 3063 175 3128 multa
197 3062 288 3127 milia
311 3061 460 3144 concidit,
483 3081 557 3126 cum
580 3059 651 3125 de
641 3060 744 3144 rpsius
767 3060 911 3124 exercitu
928 3080 994 3122 non
1013 3079 1078 3121 am·

67 3151 155 3236 plius
186 3150 356 3215 hominum
388 3112 477 3213 mille
509 3148 687 3214 cecidisset
740 3168 838 3230 quam
869 3148 910 3211 ob
945 3167 1076 3211 causam

67 3244 202 3324 postero
225 3239 276 3303 die
300 3241 471 3320 tropaeum
492 3237 612 3320 posuit,
636 3257 699 3320 quo
722 3236 795 3300 1010
822 3234 926 3319 pridie
954 3254 1076 3335 pugna-

67 3332 141 3393 tum
168 3331 247 3393 erat.
291 3326 367 3390 hinc
396 3346 469 3388 cum
496 3329 604 3389 castra
631 3324 788 3389 movisset
813 3343 1003 3405 semperque
1030 3324 1076 3387 in·
1094 3337 1112 3387 4

67 3415 169 3482 ferior
183 3416 285 3501 copiis
300 3413 447 3497 superior
466 3413 615 3477 omnibus
633 3411 766 3496 proeliis
785 3411 963 3475 discederet
948 3411 1076 3494 t,quod

65 3526 247 3589 numquam
279 3523 411 3568 manum
443 3503 639 3586 consereret,
669 3500 734 3564 nisi
766 3520 840 3565 cum
873 3461 1077 3565 adveisarios
