2528 4042
443 213 464 266 l.
487 211 691 270 MILTIADES.
720 220 744 269 7.
763 221 788 270 8.
1097 215 1115 278 'l

100 330 211 426 'verba
228 357 306 423 fecit
319 356 422 422 frater
436 357 505 421 eius
520 355 721 442 Stesagoras.
745 379 841 423 causa
855 360 986 444 eogm'ta
1000 360 1116 444 capitis
1136 376 1153 425 o

112 448 281 513 absolutus
299 445 436 530 pecunia
455 446 613 510 multatus
628 450 687 530 est,
706 467 806 530 eaque
824 446 865 533 lis
881 448 1118 534 quinquaginta

110 536 244 601 talentis
273 534 447 599 aestimata
474 536 537 618 est,
570 539 710 618 quantus
742 534 776 598 in
804 535 941 599 classem
968 541 1117 620 sumptus

108 625 217 691 factus
237 627 317 687 erat.
348 622 432 686 hanc
445 622 615 704 pecuniam
635 622 720 705 quod
739 623 863 687 solvere
881 623 1118 705 inpraesentia

107 735 176 779 non
202 714 349 795 poterat,
380 710 415 773 in
441 710 547 774 vincla
574 710 705 793 public'a
733 711 897 775 coniectus
926 715 976 775 est
1008 712 1117 794 ibique

110 801 199 865 diem
223 799 307 864 obiit
330 819 522 881 supremum.

202 886 265 951 Hic
288 886 349 951 etsi
372 885 505 950 erimine
524 885 621 949 Pario
645 891 696 949 est
718 891 898 972 accusatus,
921 891 1031 951 tamen
1054 887 1118 951 alia
1136 888 1157 951 8

72 991 74 994 ⁴
113 997 213 1042 causa
234 974 295 1039 fuit
318 973 545 1038 damnationis.
583 995 721 1056 namque
744 974 960 1040 Athenienses
983 979 1119 1059 propter

114 1063 279 1128 Pisistrati
301 1061 519 1146 tyrannidem,
549 1083 630 1144 quae
653 1062 765 1145 paucis
789 1063 881 1127 annis
904 1067 979 1128 ante
1002 1063 1117 1149 fuerat,

111 1152 246 1216 nimiam
265 1150 385 1215 civium
404 1171 536 1214 suorum
553 1150 735 1233 potentiam
754 1151 1016 1216 extimescebant.
1045 1150 1117 1215 Mil·
1136 1168 1153 1215 2

110 1240 224 1323 tiades,
247 1239 388 1303 multum
411 1237 445 1301 in
467 1237 613 1320 imperiis
632 1238 941 1323 magistratibusque
959 1244 1118 1324 versatus,

110 1350 178 1394 non
204 1327 376 1391 videbatur
402 1346 498 1409 posse
527 1347 596 1389 esse
628 1327 788 1411 privatus,
819 1328 1011 1411 praesertim
1044 1349 1117 1393 eum

113 1414 344 1482 consuetudine
373 1413 413 1477 ad
440 1413 569 1497 imperii
597 1414 808 1497 cupiditatem
836 1416 922 1479 trahi
945 1415 1117 1480 videretur.

113 1526 189 1569 nam
211 1505 246 1567 ia
264 1501 466 1568 Chersoneso
490 1523 602 1566 omnes
625 1502 699 1567 illos
724 1525 804 1586 quos
827 1504 993 1569 habitarat
1016 1521 1152 1569 annosa

111 1596 302 1677 perpetuam
312 1590 766 1655 obtinueratdominationem
780 1596 1001 1674 tyrannusque
1011 1592 1118 1656 fuerat

112 1680 310 1764 appellatus,
333 1677 390 1743 sed
412 1677 527 1742 iustus.
571 1699 635 1742 non
659 1679 839 1742 eratenim
861 1680 894 1742 vi
917 1682 1118 1763 consecutus,

112 1769 169 1833 sed
189 1759 322 1852 su'oyum
339 1766 517 1849 voluntate,
538 1787 672 1848 eamque
690 1770 887 1849 potestatem
904 1767 1052 1830 bonitate
1071 1788 1118 1830 re·

113 1857 251 1920 tinebat.
281 1875 390 1919 omnes
409 1858 518 1918 autem
536 1857 570 1918 ct
587 1853 739 1919 dicuntur
753 1858 786 1918 et
803 1853 964 1918 habentur
978 1855 1118 1939 tyranni,

116 1943 174 2027 qui
194 1946 357 2028 potestate
381 1946 457 2007 sunt
474 1947 631 2025 perpetua
649 1943 683 2006 in
702 1964 740 2006 ea
758 1942 899 2026 civitate,
923 1965 1005 2026 quae
1023 1943 1118 2008 liber·

115 2035 184 2096 tate
206 2052 267 2096 usa
289 2035 348 2095 est.
381 2030 489 2094 sedin
507 2029 653 2095 Miltiade
672 2035 743 2095 erat
762 2053 835 2096 cum
858 2053 985 2096 summa
1007 2031 1118 2096 huma-
1135 2045 1153 2094 4

111 2121 200 2186 nitas
228 2125 299 2184 tum
326 2118 410 2182 mira
437 2120 666 2203 communitas,
697 2123 735 2184 ut
764 2141 859 2184 nemo
887 2125 956 2184 tam
982 2121 1117 2185 humilis

112 2213 214 2291 esset,
242 2208 294 2272 cui
320 2229 387 2271 non
409 2207 449 2270 ad
472 2228 546 2271 eum
569 2208 676 2271 aditus
699 2211 840 2291 pateret,
869 2228 988 2293 magna
1010 2212 1118 2272 aucto

111 2298 194 2361 ritas
223 2295 308 2379 apud
336 2315 447 2359 omnes
476 2294 639 2379 civitates,
670 2295 779 2359 nobile
809 2317 941 2378 nomen,
972 2294 1043 2358 laus
1071 2296 1118 2358 rei

113 2384 267 2449 militaris
282 2383 431 2447 maxima.
460 2382 540 2447 haec
553 2383 693 2466 populus
707 2383 882 2466 respiciens
897 2382 1012 2445 maluit
1025 2382 1118 2445 illum

114 2472 282 2538 innoxium
305 2471 407 2555 plecti
430 2493 527 2554 quam
551 2491 585 2534 se
608 2470 730 2534 diutius
754 2491 823 2533 esse
846 2469 882 2532 in
903 2470 1029 2533 timore.

397 2773 443 2845 Π.
472 2771 838 2845 THEMISTOCLES.

204 2909 453 2994 Themistocles,
485 2908 600 2975 Neocli
626 2910 727 2994 filius,
759 2910 977 2976 Atheniensis.
1022 2911 1155 2975 huiusl

113 2999 196 3063 vitia
214 2998 356 3063 ineuntis
376 2998 612 3063 adulescentiae
632 2998 758 3084 magnis
777 3003 854 3063 sunt
872 2997 1040 3063 emendata
1058 2998 1120 3062 vir-

114 3087 258 3170 tutibus,
286 3086 364 3151 adeo
387 3091 425 3150 ut
448 3086 647 3151 anteferatur
669 3086 745 3151 huic
767 3108 876 3171 nemo,
903 3087 998 3170 pauci
1024 3106 1119 3168 pares

114 3180 281 3260 putentur.
332 3174 387 3238 sed
415 3175 455 3238 ab
488 3175 582 3239 initio
615 3178 665 3238 est
697 3174 877 3239 ordiendus.
929 3179 1023 3257 pater
1050 3174 1155 3239 eiusa

114 3261 256 3328 Neocles
280 3283 455 3349 generosus
478 3262 550 3326 fuit.
586 3263 615 3326 is
637 3284 771 3327 uxorem
789 3261 993 3327 Acarnanam
1017 3261 1119 3325 civem

114 3351 219 3435 duxit,
241 3372 281 3414 ex
304 3371 368 3434 qua
385 3354 482 3414 natus
501 3356 552 3414 est
569 3350 812 3415 Themistocles.
847 3350 902 3432 qui
921 3370 994 3412 cum
1013 3349 1119 3414 minus

115 3443 204 3504 esset
226 3439 385 3521 probatus
408 3439 607 3522 parentibus,
631 3438 715 3522 quod
735 3442 768 3502 et
785 3437 919 3501 liberius
938 3437 1068 3501 vivebat
1087 3441 1121 3502 et

115 3548 187 3590 rem
209 3525 404 3591 familiarem
426 3526 634 3611 neglegebat,
660 3549 681 3592 a
706 3529 798 3610 patre
827 3524 1038 3590 exheredatus
1061 3529 1122 3590 est
