2528 4042
153 171 197 233 46
496 168 557 223 XII.
577 166 764 223 CHABRIAS.
790 175 817 224 4.
854 249 857 257 ι

154 313 350 378 auctoritate
374 314 530 398 anteibat,
553 334 691 397 eumque
713 313 819 398 magis
842 312 963 377 milites
987 333 1087 396 quam
1106 312 1163 396 qui

119 405 325 484 apraeerant
353 402 582 486 suspiciebant.
632 423 713 485 quae
740 424 793 466 res
821 401 851 466 11
878 401 1054 466 maturavit
1077 422 1163 466 11111-

153 493 229 554 tem.
267 512 345 555 nam
367 491 444 555 dum
466 491 590 575 primus
614 491 723 554 studet
745 494 878 575 portum
900 490 1021 554 intrare
1045 490 1163 574 guber·

153 581 365 663 natoremque
392 581 484 644 iubet
507 600 544 643 eo
572 579 717 663 derigere
743 600 872 663 navem,
902 579 972 662 ipse
1000 578 1063 643 sibi
1090 600 1163 662 per-

152 666 249 733 niciei
267 668 344 733 fuit:
368 690 440 732 curn
460 667 545 731 enim
563 688 601 732 11
619 670 832 750 penetrasset,
856 672 982 732 ceterae
998 689 1063 739 11111
1083 670 1163 731 sunt

146 761 292 822 secutae.
325 778 387 840 quo
407 755 494 820 facto
514 753 726 820 circumfusus
744 754 891 820 hostium
909 777 1068 821 concursu
1086 777 1161 820 cum

152 843 331 910 fortissime
344 848 514 928 pugnaret,
526 844 619 908 navis
633 847 740 908 rostro
755 864 908 927 percussa
924 845 1031 927 coepit
1045 845 1160 910 sidera

118 933 228 999 ahino
255 931 402 1016 refugere
430 954 503 996 cum
530 935 655 1016 posset,
684 932 712 997 si
740 953 774 996 se
801 931 835 996 111
863 953 951 996 mare
979 933 1160 1018 deiecisset,

153 1021 238 1104 quod
270 1020 401 1084 suberat
433 1021 547 1085 classis
579 1020 844 1104 Atheniensium,
881 1042 962 1103 quae
995 1021 1160 1105 exciperet

151 1111 316 1192 natantes,
344 1107 450 1191 perire
478 1110 594 1174 maluit
622 1131 720 1192 quam
748 1108 847 1173 armis
876 1108 1012 1174 abiectis
1040 1131 1160 1175 navem

151 1196 341 1280 relinquere,
364 1197 399 1260 111
422 1219 486 1280 qua
508 1198 615 1262 fuerat
638 1202 759 1263 vectus.
795 1197 828 1261 id
852 1198 951 1263 ceteri
973 1197 1079 1263 facere
1101 1220 1159 1264 no·

150 1284 290 1368 luerunt,
309 1284 364 1367 qui
382 1285 488 1350 nando
503 1286 538 1349 in
552 1289 661 1349 tutum
674 1289 898 1369 pervenerunt.
935 1290 970 1350 at
983 1285 1047 1371 ille,
1065 1309 1159 1371 prae-

151 1376 238 1436 stare
260 1373 433 1437 honestam
455 1377 595 1437 mortem
618 1373 807 1437 existimans
831 1375 919 1456 turpi
943 1375 1043 1459 vitae,
1071 1396 1158 1441 com-

150 1460 256 1525 minus
278 1481 427 1546 pugnans
451 1460 525 1525 telis
548 1461 694 1525 hostium
716 1460 906 1524 interfectus
929 1466 988 1526 111

448 1764 545 1837 XIII.
574 1761 860 1836 TIMOTHEUS.

115 1904 132 1967 1
237 1902 441 1987 Timotheus,
473 1900 615 1967 Cononis
648 1901 748 1986 fflius,
779 1898 998 1965 Atheniensis.
1049 1901 1103 1966 hic
1134 1925 1154 1967 a

147 1995 240 2074 patre
264 1995 430 2073 acceptam
432 1989 591 2090 gloriam
614 1989 708 2053 mult
684 1993 726 2052 111
750 1989 842 2053 auxit
868 1989 971 2054 virtut
919 1990 1059 2054 ttibus:
1088 1989 1154 2057 fuit

148 2078 234 2143 enirn
257 2078 358 2142 disert
344 2081 407 2178 tus,
429 2076 582 2163 impiger,
604 2076 800 2159 laboriosus,
822 2077 870 2141 rei
893 2077 1046 2142 militaris
1068 2080 1153 2161 peri·

112 2183 128 2231 c
147 2171 201 2232 tus
223 2188 327 2250 neque
350 2165 457 2230 minus
477 2164 600 2230 civitat
590 2186 619 2229 11
638 2164 805 2265 regendae
837 2166 941 2230 multa
958 2165 1054 2230 huius
1074 2172 1153 2232 sunt

147 2256 311 2340 praeclare
333 2254 429 2338 facta,
452 2253 509 2318 sed
529 2253 610 2319 haec
628 2253 768 2318 maxime
786 2252 937 2318 illustria
974 2252 1015 2318 Ol
1016 2255 1152 2338 ynthios

147 2349 181 2408 et
198 2343 375 2427 Byzantios
394 2342 481 2408 bello
500 2342 640 2428 subegit
677 2339 811 2406 Samum
834 2341 933 2426 cepit:
955 2343 990 2406 in
1013 2364 1077 2425 quo
1101 2364 1152 2427 ep

144 2434 217 2516 pide
241 2431 457 2518 oppugnando
481 2430 645 2514 superiore
667 2429 753 2494 bello
772 2430 988 2495 Athenienses
1007 2432 1097 2496 mille
1116 2437 1152 2498 et

146 2523 285 2586 ducenta
302 2522 426 2585 talenta
445 2522 720 2604 consumpserant,
737 2518 840 2582 111111
855 2520 924 2584 sine
938 2519 1151 2602 ullapublica

146 2605 1027 2780 belsebutbfttlltlutlbfbltttlll
1044 2614 1152 2780 tull

110 2803 126 2851 3
146 2808 220 2851 cum
233 2784 371 2850 rettulit.
399 2781 551 2867 Cyzicum
566 2784 733 2848 obsidione
747 2783 906 2848 liberavit.
934 2784 1150 2850 Ariobarzani

145 2875 243 2939 simul
266 2895 339 2938 cum
352 2871 506 2974 Agesilao
530 2872 650 2937 auxilio
673 2871 838 2956 profectus
861 2875 925 2954 est,
948 2894 1050 2956 aquo
1074 2895 1150 2938 cum

144 2962 230 3028 Laco
253 2961 424 3046 pecuniam
446 2964 651 3025 numeratam
674 2958 860 3044 accepisset,
882 2959 938 3025 ille
962 2961 1047 3026 cives
1071 2983 1149 3027 suos

145 3073 224 3137 agro
252 3054 350 3133 atque
377 3049 512 3114 urbibus
540 3049 653 3134 augeri
680 3047 796 3112 maluit
824 3069 921 3131 quam
950 3048 984 3113 id
1011 3071 1149 3151 sumere,

144 3141 234 3205 cuius
257 3142 331 3222 part
333 3161 384 3203 em
407 3138 539 3203 domum
562 3159 654 3201 suam
675 3136 800 3218 qumque
820 3135 905 3202 ferre
927 3141 1048 3222 posset.
1088 3139 1149 3204 ita

144 3250 206 3313 que
230 3227 354 3311 accepit
377 3223 549 3292 Crithoten
572 3229 605 3290 et
629 3223 760 3289 Sestum

109 3316 128 3380 2
230 3315 321 3380 Idem
351 3315 448 3380 classi
474 3312 656 3398 praefectus
685 3272 925 3379 circumvehens
948 3312 1148 3397 Peloponne-

144 3427 230 3488 sum,
262 3402 444 3469 Laconicen
475 3402 667 3503 populatus,
699 3401 836 3467 classem
868 3423 979 3467 eorum
1010 3401 1148 3505 fugavit,

144 3491 319 3576 Corcyram
342 3491 435 3557 sub
426 3490 598 3576 1mperium
611 3490 862 3558 Atheniensium
884 3489 1010 3577 redegit
1029 3492 1148 3558 socios·
