2528 4042
440 201 473 256 X.
493 201 589 258 DION.
619 209 641 257 1.
661 210 686 258 2.
1021 205 1064 268 37
1189 244 1194 255 .

462 385 505 458 Χ.
532 383 656 460 DION.

147 524 243 608 Dion,
266 522 439 607 Hipparini
459 522 555 606 fflius,
574 520 805 607 Syracusanus,
826 526 930 589 nobili
948 546 1064 611 genera
1085 530 1103 595 l

58 617 174 698 natus,
214 617 352 695 utraque
388 611 574 694 implicatus
615 613 787 694 tyrannide
824 611 1064 697 Dionysiorum.

58 723 198 785 namque
225 701 281 765 ille
309 700 456 783 superior
478 699 741 784 Aristomachen,
771 721 917 766 sororem
940 701 1066 786 Dionis,

59 792 175 856 habuit
193 789 229 853 in
247 788 464 872 matrimonio,
487 809 526 852 ex
544 809 608 870 qua
626 788 706 852 duos
729 788 825 874 filios,
848 789 1067 874 Hipparinum

59 884 94 945 11
115 878 283 961 Nisaeum,
298 875 488 960 ,procreavit
510 876 711 960 totidemque
734 877 834 960 filias,
855 878 986 943 nomina
1010 876 1067 943 So·

59 968 247 1052 phrosynen
270 969 303 1030 et
325 963 457 1048 Areten,
482 985 619 1047 quarum
640 964 783 1048 priorem
805 964 964 1050 Dionysio
987 967 1067 1051 filio,

61 1057 166 1121 eidem
193 1054 245 1118 cui
272 1073 408 1138 regnum
440 1052 586 1136 reliquit,
617 1056 755 1135 nuptum
788 1054 890 1139 dedit,
921 1055 1068 1139 alteram,

59 1144 199 1227 Areten,
221 1140 329 1207 Dioni.
375 1140 462 1205 Dion
489 1145 599 1204 autem
625 1145 755 1224 praeter
782 1162 973 1227 generosam
995 1162 1103 1227 proc

59 1231 278 1318 pinquitatem
304 1228 510 1312 nobilemque
538 1229 698 1292 maiorum
724 1228 845 1294 famam
872 1232 976 1296 multa
1002 1231 1068 1296 alia

61 1322 103 1385 ab
126 1323 245 1384 natura
266 1317 381 1382 habuit
403 1318 498 1401 bona,
521 1316 556 1381 in
578 1316 625 1381 eis
648 1317 816 1402 ingenium
834 1319 946 1404 docile,
968 1341 1068 1406 come,

62 1411 178 1492 aptum
197 1407 237 1470 ad
255 1409 340 1470 artes
361 1405 511 1490 optimas,
529 1425 682 1490 magnam
701 1407 845 1491 corporis
864 1408 1068 1494 dignitatem,

65 1515 147 1579 quae
177 1515 243 1558 non
272 1494 443 1558 minimum
475 1494 697 1578 commendat,
733 1515 868 1580 magnas
900 1500 1068 1580 praeterea

65 1582 193 1648 divitias
216 1588 345 1666 apatre
368 1582 509 1666 relictas,
532 1603 611 1665 quas
634 1581 704 1665 ipse
726 1583 857 1665 tyranni
880 1585 1067 1650 muneribus

63 1675 204 1737 auxerat.
250 1675 321 1735 erat
347 1670 482 1734 intimus
505 1669 665 1752 Dionysio
692 1670 808 1754 priori,
834 1693 938 1754 neque
961 1673 1104 1740 minusa

60 1763 196 1846 propter
223 1781 330 1824 mores
363 1780 460 1841 quam
488 1757 691 1821 affinitatem.
736 1779 875 1842 namque
903 1760 966 1824 etsi
992 1759 1069 1824 Dio·
1110 1806 1114 1815 ι

60 1848 148 1933 nysii
172 1848 347 1912 crudelitas
370 1846 401 1910 ei
423 1845 632 1930 displicebat,
654 1850 765 1910 tamen
787 1846 913 1911 salvum
935 1854 1069 1933 propter

60 1936 347 2018 necessitudinem,
374 1935 479 2020 magis
507 1933 606 1998 etiam
633 1955 766 1998 suorum
789 1956 886 2000 causa
908 1937 1069 2003 studebat.

62 2025 175 2090 aderat
197 2025 232 2088 in
255 2024 381 2109 magnis
405 2023 511 2106 rebus,
534 2022 666 2105 eiusque
689 2023 824 2088 consilio
844 2025 984 2090 multum
1001 2048 1069 2092 mo·

62 2114 199 2178 uebatur
226 2116 397 2195 tyrannus,
424 2110 489 2175 nisi
512 2132 577 2194 qua
597 2111 633 2174 in
655 2133 689 2176 re
720 2112 824 2177 maior
850 2113 953 2197 ipsius
982 2115 1068 2199 cupi-

63 2202 148 2266 ditas
167 2201 404 2264 intercesserat.
435 2199 616 2285 legationes
629 2221 705 2264 vero
721 2220 841 2284 omncs,
860 2222 941 2283 quae
960 2207 1105 2270 11111111

63 2289 268 2371 illustriores,
280 2310 338 2372 per
351 2287 491 2353 Dionem
506 2287 829 2352 administrabantur:
849 2309 928 2370 quas
940 2290 1068 2372 quidem

62 2377 118 2442 ille
142 2376 315 2462 diligenter
338 2377 499 2459 obeundo,
521 2375 660 2439 fideliter
683 2376 938 2440 administrando
962 2377 1069 2441 crude

62 2465 226 2530 lissimum
239 2486 357 2529 nomen
370 2465 501 2547 tyranni
516 2485 575 2528 sua
587 2463 791 2527 humanitate
805 2463 956 2528 leniebat
983 2465 1104 2531 hunos
1179 2488 1181 2493 ’

63 2575 83 2618 1
110 2552 269 2637 Dionysio
297 2553 434 2617 missum
457 2551 748 2638 Karthaginienses
775 2553 819 2616 sic
846 2558 1069 2640 suspexerunt,

62 2645 101 2707 ut
118 2642 280 2706 neminem
299 2663 453 2725 umquam
473 2638 597 2704 Graeca
618 2641 732 2726 lingua
753 2640 941 2724 loquentem
964 2644 1068 2729 magis

65 2729 132 2793 sint
155 2729 315 2794 admirati.

153 2815 265 2901 Neque
275 2839 351 2882 vero
365 2818 444 2882 haec
454 2816 648 2900 Dionysium
662 2817 844 2902 fugiebant:
857 2839 934 2882 nam
946 2824 1069 2902 quanto
1088 2822 1112 2886 2

64 2908 153 2969 esset
178 2906 241 2971 sibi
269 2911 474 2989 ornamento,
507 2905 677 2969 sentiebat.
723 2927 786 2988 quo
818 2906 918 2969 fiebat
947 2911 985 2970 ut
1013 2908 1069 2971 uni

62 2993 140 3058 huic
162 2993 301 3058 maxime
324 2993 508 3079 indulgeret
529 3015 633 3076 neque
657 3015 731 3058 eum
754 3014 845 3058 secus
864 2994 1015 3079 diligeret
1033 3016 1070 3059 ac

63 3081 181 3147 filium:
209 3083 265 3166 qui
290 3081 431 3166 quidem,
454 3104 527 3147 cum
550 3081 722 3146 Platonem
745 3080 922 3145 Tarentum
944 3082 1107 3147 venisses

63 3168 151 3235 fama
169 3170 204 3234 in
224 3168 369 3235 Siciliam
388 3175 474 3235 esset
495 3170 631 3254 perlata,
654 3170 850 3234 adulescenti
868 3189 987 3254 negare
1005 3190 1071 3233 non
1136 3216 1139 3221 »

63 3259 218 3342 potuerit,
242 3258 320 3341 quin
339 3279 413 3320 eum
431 3262 617 3342 arcesseret,
636 3279 709 3322 cum
727 3256 815 3321 Dion
833 3257 902 3320 eius
921 3257 1070 3321 audiendi

64 3346 242 3431 cupiditate
271 3346 433 3431 flagraret.
479 3346 567 3409 dedit
590 3367 668 3432 ergo
691 3345 767 3409 huic
790 3344 917 3408 veniam
941 3366 1071 3430 magna·

63 3456 125 3518 que
153 3457 228 3499 eum
258 3435 435 3498 ambitione
460 3430 636 3516 Syracusas
659 3433 819 3517 perduxit.
865 3452 960 3515 quem
983 3432 1107 3500 Diona

63 3523 142 3587 adeo
172 3522 349 3588 admiratus
377 3526 428 3587 111
456 3525 554 3604 atque
582 3522 759 3604 adamarit,
787 3524 825 3585 ut
849 3541 883 3584 se
907 3522 936 3586 ei
963 3526 1073 3588 totum
