2528 4042
322 199 395 254 VIII.
414 197 685 256 THRASYBULUS.
715 205 739 254 3.
758 205 784 255 4.
1019 199 1064 264 33

57 344 394 413 Lacedaemoniorum.
435 344 463 409 is
486 345 571 408 inter
594 343 834 426 Thrasybulum
856 348 889 408 et
912 365 983 429 eos,
1006 345 1064 428 qui

55 436 170 499 urbem
202 434 370 515 tenebant,
402 431 481 497 feeit
512 453 626 516 pacem
654 431 706 496 his
735 431 990 498 condIcionibus:
1022 455 1062 500 ne

56 524 112 606 qui
139 526 270 606 praeter
297 520 435 606 triginta
462 524 619 603 tyrannos
647 524 680 584 11
708 519 831 604 decem,
863 520 918 603 qui
947 526 1063 604 postea

56 615 222 695 praetores
247 609 347 674 creati
371 607 546 692 superioris
565 629 654 672 more
673 607 875 672 crudelitatis
894 613 987 672 erant
1002 610 1062 694 usi,

57 699 265 763 afficerentur
293 697 388 760 exilio
415 718 494 761 neve
524 696 610 761 bona
641 695 898 779 publicarentur:
929 696 977 761 rei
1006 719 1063 780 pu·

56 788 161 852 blicae
184 785 369 871 procuratio
393 785 514 868 populo
537 784 732 848 redderetur.
776 785 978 869 praeclarum
1000 784 1099 851 hoca

57 896 185 959 quoque
208 873 420 957 Thrasybuli,
443 873 529 957 quod
552 872 759 937 reconciliata
781 894 875 957 pace,
898 895 972 951 cunr
993 873 1062 956 plu·

56 965 177 1027 simum
203 964 237 1027 in
260 963 392 1026 civitate
419 964 544 1044 posset,
574 961 680 1046 legem
708 960 799 1044 tulit,
825 983 866 1025 ne
890 960 962 1045 quis
986 965 1061 1025 ante

58 1055 203 1116 actarum
225 1072 333 1114 rerum
356 1053 561 1114 accusaretur
583 1070 662 1112 neve
689 1050 897 1134 multaretur,
927 1071 1061 1133 eamque

56 1139 106 1203 illi
134 1139 306 1204 oblivionis
333 1137 545 1221 appellarunt.
589 1158 692 1221 neque
715 1158 791 1202 vero
821 1137 904 1202 hanc
931 1141 1097 1203 tantuma
1134 1151 1138 1158 '

55 1227 222 1291 ferendam
250 1225 389 1309 curavit,
416 1225 471 1290 sed
499 1225 599 1289 etiam
619 1229 658 1289 ut
680 1225 803 1290 valeret
825 1225 940 1290 effecit.
985 1248 1061 1290 nam

57 1338 131 1380 curn
154 1315 286 1398 quidam
312 1335 351 1378 ex
376 1313 431 1398 iis,
459 1313 514 1397 qui
543 1313 640 1378 simul
663 1335 736 1378 cum
759 1335 796 1378 eo
819 1314 854 1377 in
876 1314 972 1379 exilio
996 1315 1061 1379 111

57 1408 150 1485 rant,
180 1402 308 1466 caedem
334 1400 438 1467 111111
467 1423 578 1467 eorum
604 1401 740 1486 vellent,
772 1423 845 1467 cum
878 1403 1061 1486 quibusin

58 1453 199 1576 gratiam
226 1490 308 1554 redit
294 1494 364 1555 tum
391 1494 462 1554 1111
488 1490 630 1574 publice,
656 1453 826 1574 proliibuit
853 1496 887 1555 11
914 1492 947 1555 id
975 1492 1061 1620 quod

58 1578 185 1661 pollicit
186 1600 224 1643 us
248 1583 316 1643 1111
338 1579 514 1662 praestitit

143 1665 229 1731 Huic
255 1688 315 1750 pro
343 1666 446 1729 tantis
473 1665 599 1729 meritis
626 1665 760 1729 honoris
782 1685 878 1730 caasa
899 1687 1018 1731 corona
1041 1667 1104 1731 a4

54 1755 175 1837 populo
191 1755 267 1818 data
281 1758 340 1836 111,
357 1752 447 1816 11111
460 1752 583 1817 duabus
598 1752 734 1838 virgulis
749 1752 933 1838 oleagineis.
964 1775 1060 1836 quam

56 1842 142 1925 quod
175 1864 266 1905 amor
299 1841 417 1905 civium
449 1844 483 1904 et
513 1862 579 1905 non
608 1841 658 1905 vis
690 1844 905 1926 expresserat,
936 1841 1060 1905 nullam

54 1930 171 1994 habuit
194 1929 349 1993 invidiam
371 1949 552 2014 magnaque
570 1928 634 1992 fuit
652 1929 765 2015 gloria.
801 1931 882 1994 bene
900 1951 977 2017 ergo
992 1929 1060 1994 Pit
1078 1947 1099 1995 1

55 2021 147 2083 tacus
171 2018 235 2102 ille,
260 2017 315 2100 qui
338 2018 373 2082 11
396 2021 520 2101 septem
544 2017 726 2101 sapientum
748 2040 882 2083 numero
901 2024 952 2084 est
970 2019 1060 2083 habi·

56 2109 127 2189 tus,
166 2127 239 2170 oum
270 2105 459 2189 Mytilenaei
490 2106 594 2189 multa
624 2106 758 2170 milia
747 2128 895 2207 iugerum
927 2109 997 2194 agri
1029 2108 1059 2172 11

56 2157 181 2258 1111111111
209 2194 335 2277 darent,
359 2192 481 2279 nolite,
500 2216 557 2260 oro
576 2195 654 2278 vos,'
675 2194 782 2277 inquit
804 2194 849 2258 id
872 2195 952 2259 mihi
975 2196 1059 2279 dare,

53 2282 142 2364 quod
157 2282 253 2346 multi
266 2244 439 2365 invideant,
457 2282 565 2365 plures
579 2282 678 2346 etiam
693 2283 930 2365 concupiscant
961 2304 1059 2365 quare

57 2370 190 2434 existis
214 2370 290 2434 nolo
315 2369 453 2453 amplius
482 2390 578 2452 quam
606 2370 771 2434 centum
762 2390 888 2454 rugera,
917 2391 998 2453 quae
1026 2373 1060 2433 et

55 2480 162 2522 meam
194 2458 293 2522 aninri
326 2457 524 2539 aequitatem
551 2460 585 2520 et
611 2460 752 2521 vestram
779 2456 981 2521 voluntatem
1013 2457 1059 2521 in·

55 2545 183 2611 dicent?
228 2568 304 2628 nam
335 2567 435 2630 parva
462 2567 594 2608 munera
622 2544 759 2629 diutina,
791 2545 967 2629 locupletia
992 2568 1059 2612 non

55 2635 188 2716 propria
210 2656 279 2699 esse
303 2637 506 2699 consuenmt.
541 2632 599 2697 illa
621 2633 723 2718 igitur
746 2654 864 2698 corona
887 2639 1057 2700 contentus
1076 2650 1100 2699 a>

55 2721 276 2803 Thrasybulus
308 2744 411 2806 neque
444 2721 583 2804 amplius
615 2721 785 2804 requisivit
815 2743 918 2806 neque
952 2745 1057 2806 quem·

57 2829 155 2890 quam
172 2808 293 2874 honore
311 2832 345 2875 se
364 2809 576 2876 antecessisse
595 2809 801 2874 existimavit.
837 2811 891 2875 hic
910 2816 1045 2895 sequent
1031 2812 1096 2876 111
1224 2851 1225 2854 =

55 2900 213 2978 tempore,
236 2917 308 2960 cum
329 2903 461 2982 praetor
483 2898 621 2963 classem
643 2899 684 2961 ad
706 2897 854 2964 Ciliciam
878 2900 1058 3050 appulisset

55 3005 160 3067 neque
188 2987 239 3048 sat
240 2983 268 3047 is
296 2985 501 3071 diligenter
491 3009 526 3051 m
554 2986 668 3051 castris
692 2987 760 3051 eius
784 2991 917 3072 agerent
917 3009 956 3050 ur
978 2987 1072 3073 vigi·

55 3072 133 3155 liae,
161 3093 180 3136 a
206 3072 353 3136 barbaris
381 3096 419 3138 ex
446 3075 564 3159 oppido
591 3079 691 3140 noctu
718 3075 886 3159 eruptione
913 3075 1031 3140 facta
1022 3096 1059 3140 1n

56 3159 298 3227 tabernaculo
289 3182 324 3223 m
325 3159 477 3227 terfectus
501 3168 560 3228 111.

452 3390 644 3404 -υ--ι
