2528 4042
313 748 561 834 connum
592 747 809 836 nuperis

127 918 267 992 LIBER
294 918 358 991 DE
387 920 778 994 EXOELLENTIBUS
807 919 1006 994 DUOIBUS

275 1069 585 1140 EXTERARUM
618 1073 854 1140 GENTIUM.

456 1265 667 1321 PRAEFATIO.

151 1374 225 1439 Non
244 1373 357 1439 dubito
375 1373 445 1438 iore
463 1375 643 1459 plerosque,
661 1374 780 1459 Attice,
803 1376 858 1458 qui
880 1376 943 1441 hoc
961 1395 1063 1462 genus
1083 1402 1096 1449 1

64 1464 241 1548 scripturae
263 1463 334 1527 leve
357 1466 390 1526 et
412 1483 478 1526 non
500 1463 581 1527 satis
604 1463 737 1548 dignum
761 1485 960 1528 summorum
981 1465 1062 1529 viro·

61 1575 134 1617 rum
156 1551 303 1636 personis
326 1550 477 1632 iudicent,
503 1572 576 1615 cum
599 1551 737 1615 relatum
760 1552 879 1636 legent,
902 1553 974 1635 quis
997 1574 1064 1616 mu-

25 1702 27 1706 ,
61 1642 162 1706 sicam
186 1638 332 1704 docuerit
353 1637 624 1722 Epaminondam,
655 1642 712 1702 ant
738 1639 773 1701 in
796 1638 864 1702 eius
887 1639 1063 1704 virtutibus

62 1727 316 1808 commemorari,
336 1727 472 1790 saltasse
487 1747 560 1790 eum
574 1726 741 1790 commode
755 1726 956 1809 scienterque
972 1726 1064 1791 tibiis

64 1820 224 1881 cantasse.
264 1815 318 1879 sed
344 1815 380 1878 hi
407 1819 502 1878 erunt
524 1813 604 1898 fere,
634 1815 689 1898 qui
712 1818 859 1899 expertes
880 1815 1099 1885 litteraruma

66 1902 259 1968 Graecarum
280 1903 362 1966 nihil
386 1908 524 1987 rectum,
550 1903 615 1968 nisi
643 1905 728 1986 quod
750 1904 896 1987 ipsorum
919 1905 1064 1970 moribus

63 1991 243 2075 conveniat,
264 1992 435 2075 putabunt.
467 1991 492 2055 ii
510 1991 538 2056 si
559 1991 729 2056 didicerint
746 2014 812 2057 non
831 1993 941 2057 eadem
965 1993 1065 2057 omni·
1083 2015 1100 2062 3

61 2082 122 2145 bus
151 2100 220 2144 esse
247 2079 385 2143 honesta
412 2082 508 2162 atque
536 2081 657 2165 turpia,
687 2081 742 2144 sed
770 2082 878 2146 omnia
905 2082 1065 2145 maiorum

60 2168 224 2233 institutis
246 2167 390 2252 iudicari,
412 2188 478 2231 non
496 2168 741 2232 admirabuntur
758 2189 818 2232 nos
839 2169 873 2232 in
891 2166 1064 2233 Graiorum

61 2256 239 2322 virtutibus
269 2255 465 2340 exponendis
497 2277 603 2320 mores
635 2277 746 2320 eorum
779 2259 916 2320 secutos.
960 2276 1099 2336 nequet

62 2345 148 2409 enim
176 2342 305 2410 Cimoni
331 2343 395 2407 init
421 2348 529 2426 turpe,
555 2342 804 2407 Atheniensium
831 2362 957 2405 summo
984 2342 1064 2426 viro,

64 2453 209 2496 sororem
227 2452 414 2517 germanam
432 2431 551 2496 habere
568 2433 603 2494 in
621 2429 837 2513 matrimonio
856 2430 974 2513 quippe
991 2451 1064 2494 cum

64 2521 149 2584 cives
176 2520 245 2584 eius
273 2521 384 2585 eodem
411 2523 580 2584 uterentur
606 2519 769 2583 instituto.
810 2522 845 2583 at
873 2518 907 2582 id
935 2519 1065 2602 quidem

63 2609 185 2672 nostris
208 2609 352 2673 moribus
375 2606 465 2672 nefas
484 2607 630 2671 habetur.
662 2606 750 2671 laudi
767 2607 802 2671 in
821 2604 918 2672 Creta
936 2607 1065 2673 ducitur

64 2695 311 2781 adulescentulis
327 2716 423 2779 quam
439 2697 597 2779 plurimos
615 2695 767 2759 habuisse
783 2699 952 2760 amatores.
975 2696 1065 2760 nulla

63 2781 296 2848 Lacedaemoni
311 2784 408 2848 vidua
426 2788 494 2848 tam
509 2787 559 2847 est
577 2783 705 2867 nobilis,
724 2804 805 2866 quae
818 2805 884 2848 non
898 2783 938 2847 ad
953 2805 1064 2848 cenam

60 2875 116 2936 eat
136 2873 307 2952 [mercede]
323 2871 512 2936 condictam.
544 2871 670 2956 magnis
688 2873 723 2934 in
741 2871 889 2936 laudibus
908 2875 980 2936 tota
997 2871 1064 2934 fere
1083 2889 1099 2938 a

59 2959 124 3024 fuit
139 2958 277 3025 Graecia
294 2960 450 3024 victorem
465 2959 633 3042 Olympiae
652 2959 755 3043 citari,
773 2960 808 3023 in
827 2981 974 3024 scaenam
988 2980 1064 3022 vero

59 3047 191 3131 prodire
219 3069 256 3112 ac
283 3048 402 3130 populo
431 3069 500 3112 esse
528 3048 712 3130 spectaculo
739 3046 860 3111 nemini
888 3048 922 3111 in
945 3047 1065 3111 eisdem

60 3136 214 3220 gentibus
233 3135 297 3199 fuit
315 3135 517 3217 turpitudini.
550 3155 631 3218 quae
646 3136 754 3200 omnia
768 3135 852 3218 apud
871 3156 930 3199 nos
944 3134 1065 3217 partim

61 3223 210 3307 infamia,
236 3223 357 3307 partim
384 3222 521 3288 humilia
548 3228 645 3306 atque
673 3224 714 3287 ab
742 3223 912 3288 honestate
939 3227 1065 3286 remota

60 3318 236 3394 ponuntur.
278 3314 392 3377 contra
419 3332 456 3374 ea
482 3312 635 3395 pleraque
661 3311 783 3375 nostris
811 3310 956 3373 moribus
988 3315 1098 3378 sunto

61 3398 192 3481 decora,
219 3420 300 3483 quae
323 3398 407 3482 apud
430 3398 504 3462 illos
527 3399 636 3483 turpia
658 3403 822 3482 putantur.
860 3418 956 3480 quem
979 3401 1065 3463 enim

116 3508 133 3550 0
135 3519 253 3551 aaaaaaaa
268 3511 289 3552 N
290 3521 355 3553 aaaaa
893 3505 906 3553 l
