2528 4042
146 219 190 282 22
456 217 503 274 VI.
522 216 724 273 LYSANDER.
753 222 828 272 1-8.

147 384 205 427 sua
232 365 358 426 teneret
384 366 562 448 potestate,
593 385 666 428 cum
696 363 730 427 id
759 384 793 427 se
820 359 1148 428 Lacedaemoniorum

110 464 127 514 5
146 472 243 515 causa
256 449 360 514 facere
375 451 552 515 simularet.
583 472 721 534 namque
734 450 884 534 undique,
902 450 957 533 qui
970 448 1148 514 Athenien·

146 539 230 603 sium
248 540 343 604 rebus
363 539 572 623 studuissent,
590 538 701 603 eiectis
720 539 830 602 decem
847 538 1012 623 delegerat
1029 537 1065 601 in
1082 559 1149 602 una

146 648 272 710 quaque
287 627 427 711 civitate,
447 627 564 709 quibus
578 648 739 691 summum
752 625 923 709 imperium
937 628 1148 709 potestatem·

146 736 208 797 que
232 716 376 780 omnium
398 736 507 778 rerum
529 715 757 786 committeret.
789 714 906 779 horum
924 713 959 777 in
976 734 1148 778 numerum

144 824 239 867 nemo
268 803 514 886 admittebatur,
545 802 609 866 nisi
637 802 697 886 qui
720 805 776 866 aut
803 802 872 865 eius
903 801 1047 884 hospitio
1075 822 1149 866 con-

145 891 304 955 tineretur
326 894 383 955 aut
406 911 440 954 se
463 890 551 954 illius
573 889 642 955 fore
664 890 832 974 proprium
849 889 911 954 lide
930 889 1148 954 confirmarat

110 979 132 1044 2
232 977 286 1041 Ita
304 978 509 1044 decemvirali
526 982 689 1062 potestate
707 979 742 1042 in
761 977 911 1042 omnibus
924 977 1061 1042 urbibus
1075 999 1150 1044 con-

145 1067 262 1130 stituta
288 1066 391 1149 ipsius
416 1070 500 1131 nutu
525 1067 633 1131 omnia
655 1066 858 1152 gerebantur.
903 1065 993 1131 cuius
1017 1066 1056 1130 de
1080 1087 1149 1131 cru·

146 1154 278 1218 delitate
301 1175 339 1220 ac
360 1154 496 1239 perfidia
514 1155 594 1219 satis
613 1158 779 1219 estunam
797 1175 866 1218 rem
884 1153 1022 1237 exempli
1041 1154 1150 1240 gratia
1183 1193 1186 1201 -

144 1241 298 1327 proferre,
319 1263 360 1307 ne
383 1243 421 1307 de
445 1243 557 1307 eodem
578 1243 672 1326 plura
687 1242 908 1311 ,enumerando
932 1241 1148 1328 defatigemus

110 1345 126 1394 a
145 1329 292 1395 lectores.
328 1331 433 1396 victor
450 1352 490 1395 ex
507 1330 588 1396 Asia
610 1353 683 1395 cum
705 1335 922 1395 reverteretur
940 1329 1148 1415 Thasumque

146 1417 345 1503 devertisset,
368 1418 454 1502 quod
471 1439 510 1483 ea
527 1419 641 1484 civitas
664 1419 837 1502 praecipua
859 1419 921 1482 fide
944 1417 1052 1483 fuerat
1070 1439 1149 1505 erga
1190 1487 1193 1494 ,

144 1506 369 1590 Athenienses,
391 1507 525 1590 proinde
549 1529 586 1571 ac
609 1507 637 1572 si
659 1527 722 1571 acu
743 1506 842 1570 iidem
864 1505 1043 1571 firmissimi
1065 1507 1148 1572 sole

145 1598 218 1658 rent
241 1615 311 1659 esse
334 1595 442 1679 amici,
466 1595 521 1679 qui
544 1599 730 1660 constantes
753 1594 892 1659 fixissent
914 1592 1048 1677 inimici,
1074 1615 1148 1677 per·

111 1686 270 1747 avertere
294 1703 365 1746 eam
384 1683 576 1767 concupivit.
612 1683 695 1747 vidit
712 1686 830 1766 autem,
852 1682 916 1746 nisi
934 1682 969 1746 in
985 1701 1021 1746 eo
1040 1682 1145 1745 occul-

146 1775 250 1835 tasset
281 1771 498 1855 voluntatem,
534 1770 681 1836 futurum
712 1774 750 1835 ut
780 1770 893 1834 Thasii
929 1769 1143 1834 dilaberentur

146 1858 412 1942 consulerentque
434 1860 530 1923 rebus
554 1859 621 1923 suis
634 1880 653 1919 a
665 1880 683 1919 s
696 1880 715 1919 s

110 1947 131 2012 3
232 1945 348 2028 Itaque
374 1946 399 2009 ii
427 1946 670 2011 decemviralem
696 1949 893 2029 potestatem
921 1948 962 2011 ab
989 1946 1048 2011 illo
1074 1967 1149 2012 con·

146 2033 297 2098 stitutum
324 2034 532 2098 sustulenmt
578 2056 641 2117 quo
664 2034 775 2098 dolore
801 2035 950 2100 incensus
977 2034 1053 2099 iniit
1075 2056 1150 2100 con·

146 2121 220 2185 silia
241 2142 334 2207 reges
351 2119 679 2187 Lacedaemoniorum
701 2122 824 2197 tollere.
860 2123 915 2187 sed
935 2123 1099 2187 sentiebat
1116 2122 1148 2187 id
1165 2118 1170 2127 ’

146 2231 180 2274 se
203 2209 272 2274 sine
296 2230 356 2294 ope
378 2209 512 2274 deorum
534 2208 639 2275 facere
661 2232 726 2275 non
748 2231 857 2295 posse,
884 2210 970 2294 quod
992 2209 1149 2275 Lacedae

111 2297 247 2365 amonii
270 2297 378 2364 onmia
401 2297 442 2363 ad
466 2299 596 2364 oracula
618 2297 736 2363 referre
760 2302 962 2364 consuerant
1006 2298 1161 2383 primum,

145 2373 340 2470 Delphicum
363 2408 567 2470 eorrumpere
591 2391 641 2451 est
663 2390 807 2452 conatus.
848 2408 921 2451 cum
949 2385 983 2450 id
1004 2407 1072 2452 non
1094 2408 1148 2472 pe

146 2476 272 2559 tuisset,
289 2473 500 2540 Dodonaeum
519 2476 651 2540 adortus
670 2480 729 2540 est.
758 2475 834 2540 hinc
852 2495 980 2558 quoque
999 2475 1148 2558 repulsus

146 2563 228 2626 dixit
251 2584 286 2627 se
309 2566 387 2626 vota
405 2564 593 2647 suscepisse,
617 2585 697 2646 quae
716 2562 787 2628 Iovi
805 2561 981 2627 Hammoni
999 2561 1149 2648 solveret,

111 2650 335 2717 sexistimans
366 2672 399 2714 se
428 2649 528 2715 Afros
560 2650 687 2717 facilius
720 2655 956 2734 corrupturum.
999 2650 1061 2716 hac
1092 2671 1148 2734 spe

147 2761 220 2804 cum
246 2737 411 2821 profectus
439 2743 525 2803 esset
554 2739 589 2803 in
613 2739 772 2823 Africam,
800 2737 939 2802 multum
966 2760 1040 2803 eum
1067 2738 1149 2803 anti·

148 2826 242 2891 stites
265 2825 352 2891 Iovis
375 2825 567 2892 fefellerunt.
600 2850 676 2892 nam
693 2848 760 2892 non
778 2826 883 2890 solum
902 2826 1065 2911 corrumpi
1083 2847 1149 2893 non

146 2918 332 2999 potuerunt,
355 2915 411 2979 sed
430 2915 528 2980 etiam
546 2916 674 3001 legatos
692 2914 965 2979 Lacedaemonem
981 2915 1148 2999 miserunt,

147 3003 203 3087 qui
225 3001 427 3086 Lysandrum
451 3008 653 3087 accusarent,
677 3002 761 3086 quod
784 3003 966 3068 sacerdotes
989 3002 1058 3068 fani
1082 3024 1149 3070 cor·

112 3108 129 3156 4
148 3113 295 3175 rumpere
310 3095 444 3156 conatus
458 3095 553 3156 esset.
587 3095 756 3157 accusatus
770 3089 832 3155 hoc
847 3091 980 3156 crimine
993 3091 1149 3157 iudicum·
1191 3118 1193 3143 ÷

148 3201 209 3264 que
233 3180 400 3244 absolutus
420 3179 598 3263 sententiis,
621 3177 845 3243 Orchomeniis
865 3179 983 3244 missus
1002 3178 1148 3246 subsidio

112 3267 272 3334 soccisus
295 3270 345 3333 est
368 3290 387 3332 a
409 3267 570 3332 Thebanis
599 3266 683 3350 apud
709 3265 903 3331 Haliartum.
950 3288 1048 3351 quam
1074 3288 1149 3333 vere

148 3357 185 3421 de
208 3377 246 3421 eo
269 3376 351 3422 secus
372 3355 458 3421 foret
480 3355 670 3439 iudicatum,
698 3355 802 3420 oratio
825 3354 943 3419 indicio
966 3353 1044 3441 fuit,
1067 3376 1150 3441 quac

147 3448 223 3527 post
244 3448 383 3509 mortem
404 3445 440 3508 in
462 3443 557 3507 domo
580 3442 649 3507 eius
672 3447 801 3526 reperta
819 3446 878 3526 est,
899 3442 934 3506 in
952 3463 1016 3526 qua
1035 3445 1152 3511 suadet

147 3530 418 3615 Lacedaemoniis,
440 3535 478 3596 ut
500 3530 590 3616 regia
611 3535 775 3616 potestate
803 3530 960 3596 dissoluta
986 3552 1026 3595 ex
1049 3532 1151 3599 omni·

898 3652 904 3687 ,
1086 3646 1092 3659 .
