2528 4042
148 168 191 232 48
257 223 259 227 ,
447 165 521 221 XIII.
541 165 759 222 TIMOTHEUS.
787 174 811 223 3.
830 174 855 222 4.

148 312 298 396 suspicax
316 311 358 376 ob
378 333 513 395 eamque
536 333 605 375 rem
628 311 768 396 mobilis,
792 312 1001 400 adversarius,
1024 315 1155 381 invidus

148 399 283 485 (etenim
317 400 466 483 potentia
498 400 533 464 in
564 401 686 465 crimen
720 399 910 488 vocabatur)
942 402 1075 468 domum
1108 427 1155 469 re

147 493 256 554 vocat:
287 493 479 553 accusantur
505 488 710 571 proditionis.
754 489 817 554 hoc
839 490 957 555 iudicio
981 491 1156 558 damnatur

147 577 337 642 Timotheus
355 578 461 661 lisque
480 576 548 639 eius
567 576 759 640 aestimatur
773 581 903 642 centum
922 579 1064 644 talentis.
1097 581 1155 646 illc

148 666 221 731 odio
245 667 393 752 ingratae
417 663 559 729 civitatis
582 669 713 728 exactus
738 663 925 730 Chalcidem
948 662 985 733 se
1004 669 1155 735 contulit.

112 753 134 818 4
236 754 342 819 Huius
356 756 431 836 post
445 755 584 816 mortem
599 774 672 816 cum
685 753 842 835 populum
856 754 967 819 iudicii
982 757 1032 821 sui
1046 758 1155 841 paeni·

147 848 241 927 teret,
264 843 385 906 multae
407 861 523 904 novem
546 844 656 923 partes
680 840 821 905 detraxit
844 846 878 905 et
900 843 1010 908 decem
1029 847 1155 911 talenta

148 931 321 1013 Cononem,
343 928 447 991 filium
471 927 553 1014 eius,
576 929 616 992 ad
640 929 724 993 muri
747 929 909 1012 quandam
930 938 1059 1014 partem
1083 936 1155 999 refi-

148 1019 291 1084 ciendam
314 1016 411 1080 iussit
433 1016 518 1081 dare.
553 1017 588 1082 in
607 1039 670 1101 quo
689 1017 839 1083 fortunae
857 1018 997 1084 varietas
1017 1025 1068 1086 est
1087 1024 1155 1088 ani·

147 1107 322 1170 madversa.
357 1127 434 1169 nam
457 1126 538 1189 quos
562 1128 640 1170 avus
662 1104 801 1188 [Conon]
821 1129 930 1172 muros
950 1129 989 1172 ex
1006 1109 1155 1176 hostium

145 1194 265 1278 praeda
286 1193 411 1277 patriae
435 1193 632 1278 restituerat,
657 1195 787 1259 eosdem
808 1215 909 1279 nepos
928 1217 1002 1261 cum
1025 1218 1155 1265 summa

146 1282 325 1367 ignominia
348 1281 490 1345 familiae
509 1303 548 1345 ex
567 1302 626 1345 sua
644 1303 678 1346 re
697 1281 851 1346 familiari
870 1285 999 1349 reficere
1019 1292 1153 1352 coactus

111 1374 205 1433 aest.
254 1369 418 1434 Timothei
452 1372 561 1432 autem
594 1369 780 1433 moderatae
812 1372 1032 1456 sapientisque
1064 1376 1153 1442 vitae

146 1481 219 1523 cum
241 1459 395 1541 pleraque
417 1457 580 1540 possimus
603 1456 747 1540 proferre
770 1457 973 1542 testimonia,
1003 1484 1067 1526 uno
1092 1466 1154 1528 eri-

146 1569 218 1611 mus
242 1545 396 1631 contenti,
413 1544 505 1630 ·quod
528 1566 628 1610 exeo
651 1544 746 1609 facile
770 1544 873 1609 conici
895 1547 1027 1630 poterit,
1052 1571 1153 1630 quam

147 1657 240 1700 carus
259 1635 326 1700 suis
345 1633 452 1699 fuerit.
489 1655 562 1698 cum
581 1631 719 1698 Athenis
739 1633 998 1698 adulescentulus
1018 1657 1153 1703 eausam

146 1724 280 1810 diceret,
302 1746 368 1789 non
391 1724 497 1788 solum
520 1722 615 1787 amici
637 1721 820 1806 privatique
841 1720 987 1805 hospites
1011 1724 1052 1787 ad
1074 1745 1152 1790 eum

146 1812 378 1877 defendendum
411 1813 645 1896 convenenmt,
682 1810 737 1874 sed
769 1809 868 1874 etiam
899 1808 934 1873 in
964 1810 1011 1874 eis
1042 1810 1153 1900 Iason,

146 1905 303 1984 tyrannus
332 1899 530 1983 Thessaliae,
564 1899 619 1982 qui
650 1898 707 1962 illo
738 1901 883 1981 tempore
912 1896 977 1962 fuit
1005 1901 1152 1966 omnium

111 1988 402 2071 apotentissimus.
442 1987 496 2051 hic
520 2008 593 2051 cum
616 1986 650 2049 in
672 1986 780 2068 patria
803 1986 872 2050 sine
895 1987 1091 2052 satellitibus
1117 2012 1152 2054 se

146 2080 254 2140 tutum
281 2097 347 2139 non
374 2074 602 2156 arbitraretur,
630 2071 776 2137 Athenas
805 2073 873 2138 sine
896 2074 964 2139 ullo
987 2076 1150 2158 praesidio

145 2164 235 2229 venit
267 2162 415 2245 tantique
446 2160 610 2245 hospitem
641 2159 733 2244 fecit,
764 2164 802 2225 ut
829 2161 942 2226 mallet
970 2183 1004 2227 se
1032 2165 1150 2248 capitis

144 2252 323 2337 periculum
350 2251 438 2315 adire
466 2272 564 2334 quam
590 2248 762 2313 Timotheo
791 2249 829 2313 de
862 2249 949 2314 fama
981 2250 1150 2318 dimicanti

146 2341 264 2406 deesse.
295 2339 382 2404 hunc
400 2338 551 2403 adversus
571 2341 681 2402 tamen
694 2336 885 2402 Timotheus
903 2343 1018 2422 postea
1036 2343 1150 2424 populi

145 2431 236 2495 iussu
255 2429 378 2493 bellum
396 2428 513 2514 gessitz
535 2426 660 2511 patriae
678 2427 759 2491 enim
778 2426 942 2491 sanctiora
960 2427 1032 2492 iura
1051 2450 1151 2511 quam

144 2517 280 2601 hospitii
304 2539 374 2581 esse
397 2516 497 2580 duxit

110 2623 127 2669 r
233 2604 323 2670 Haec
344 2608 489 2668 extrema
515 2602 579 2667 fuit
600 2606 690 2666 aetas
718 2603 950 2687 imperatorum
972 2602 1150 2671 Athenien·

147 2694 239 2777 sium,
249 2691 432 2777 Iphicratis,
443 2691 611 2774 Chabriae,
624 2690 796 2774 Timothei,
809 2712 913 2774 neque
926 2695 1003 2774 post
1016 2691 1150 2760 illorum

146 2782 272 2848 obitum
291 2780 462 2864 quisquam
480 2780 544 2844 dux
561 2779 596 2843 in
609 2778 666 2843 illa
679 2779 759 2843 urbe
773 2777 836 2842 fuit
850 2779 966 2864 dignus
981 2783 1147 2847 memoria.

110 2887 126 2935 5
233 2868 338 2934 Venio
369 2890 455 2933 nunc
487 2869 527 2932 ad
563 2867 779 2931 fortissimum
810 2866 916 2930 virum
952 2869 1149 2954 maximique

146 2959 272 3025 consilii
296 2957 438 3023 omnium
461 2957 683 3038 barbarorum,
705 2955 851 3037 exceptis
866 2955 991 3020 duobus
1009 2955 1150 3022 Kartha·

110 3065 125 3114 a
145 3047 354 3133 giniensibus,
372 3044 557 3109 Hamilcare
573 3049 606 3107 et
619 3042 811 3106 Hannibale.
845 3043 883 3108 de
898 3065 961 3127 quo
976 3043 1038 3110 hoc
1053 3046 1150 3129 plura

47 3213 55 3222 .
145 3136 334 3218 referemus,
362 3135 448 3217 quod
471 3138 504 3197 et
527 3130 714 3197 obscuriora
738 3134 815 3195 sunt
838 3131 906 3197 eius
930 3137 1024 3218 gesta
1046 3134 1150 3217 plera

146 3247 207 3308 que
231 3229 265 3288 et
288 3245 338 3308 ea,
362 3244 443 3306 quae
465 3241 618 3306 prospere
641 3219 671 3283 ei
695 3224 877 3306 cesserunt,
898 3242 964 3285 non
987 3222 1150 3306 magnitu-

145 3314 218 3378 dine
233 3312 407 3396 copiarum,
430 3310 486 3374 sed
505 3306 640 3391 consilii,
662 3329 724 3391 quo
744 3311 815 3372 tum
834 3330 944 3373 omnes
964 3312 1151 3396 superabat,

145 3400 342 3465 acciderunt:
367 3420 503 3483 quorum
526 3397 589 3461 nisi
612 3395 697 3460 ratio
717 3397 876 3481 explicata
894 3396 1002 3479 brerit,
1025 3419 1077 3463 res
1095 3421 1151 3482 ap·

145 3511 257 3572 parere
279 3511 344 3553 non
367 3488 530 3572 poterunt.

546 3609 751 3621 ’.ΠΜ
