2528 4042
145 192 187 257 68
432 189 518 247 xvu.
536 189 744 247 uersutus.
770 198 848 249 4-6.

145 342 178 401 et
195 336 312 400 Boeoti
332 336 494 420 ceterique
517 358 628 401 eorum
651 335 731 401 socii
750 337 835 421 apud
849 335 1041 404 Coroneam:
1066 360 1144 422 quos

110 441 126 489 o
146 446 257 490 omnes
277 426 369 510 gravi
387 425 511 509 proelio
528 425 616 489 vicit.
650 424 746 488 huius
764 425 918 491 victoriae
935 428 986 491 vel
1004 427 1145 491 maxima

144 513 208 577 fuit
230 513 311 598 laus,
335 514 429 598 quod,
453 535 525 578 cum
547 511 691 595 plerique
714 533 753 575 ex
775 511 854 598 fuga
876 535 910 578 se
931 514 966 579 in
987 514 1145 598 templum

145 599 310 667 Minervae
334 602 546 667 coniecissent
569 603 840 684 quaerereturque
863 603 904 666 ab
927 623 978 687 eo,
1005 603 1084 686 quid
1107 603 1145 667 iis

146 691 246 755 vellet
272 690 355 775 fieri,
383 690 445 755 etsi
468 688 593 769 aliquot
615 686 749 751 vulnera
771 695 940 771 acceperat
962 711 1000 755 eo
1022 691 1144 774 proelio

147 783 181 843 et
203 780 306 843 iratus
328 777 497 842 videbatur
519 773 678 858 omnibus,
701 775 757 857 qui
780 776 932 842 adversus
956 799 1046 842 arma
1069 780 1145 843 tule

147 871 235 951 rant,
266 870 375 930 tamen
402 861 555 927 antetulit
582 860 649 925 irae
681 862 872 948 religionem
900 868 933 928 et
960 887 1015 930 eos
1044 868 1146 931 vetuit

113 954 270 1020 ariolari.
314 972 418 1034 neque
445 972 521 1015 vero
548 950 611 1014 hoc
639 950 744 1015 solum
770 951 805 1015 in
828 949 964 1017 Graecia
986 953 1079 1038 fecit,
1110 958 1147 1018 ut

148 1040 270 1124 templa
291 1040 424 1104 deorum
447 1042 560 1104 sancta
585 1039 734 1124 haberet,
762 1038 817 1103 sed
844 1040 943 1104 etiam
966 1042 1051 1124 apud
1078 1043 1146 1107 bar·

147 1131 243 1193 batos
267 1149 392 1192 summa
414 1126 571 1212 religione
595 1127 703 1190 omnia
726 1127 899 1192 simulacra
920 1150 1057 1210 arasque
1076 1152 1145 1195 eon·

113 1233 129 1282 8
147 1216 297 1280 servavit.
319 1215 430 1299 itaque
443 1215 651 1298 praedicabat
660 1215 773 1278 mirari
783 1236 827 1300 se,
840 1238 906 1280 non
916 1216 1146 1302 sacrilegorum

146 1325 280 1369 numero
298 1303 421 1387 haberi,
440 1302 495 1386 qui
514 1301 713 1385 supplicibus
732 1304 865 1368 deorum
878 1305 1073 1388 nocuissent,
1093 1311 1147 1370 aut

146 1413 212 1456 non
234 1390 438 1479 gravioribus
460 1389 573 1474 poenis
600 1388 700 1472 affici,
731 1390 788 1472 qui
814 1392 1005 1477 religionem
1029 1393 1147 1458 minue

147 1482 229 1563 rent,
252 1499 349 1562 quam
372 1477 428 1561 qui
449 1477 526 1541 fana
549 1477 734 1560 spoliarent.

112 1568 133 1634 5
234 1564 316 1630 Post
333 1565 396 1631 hoc
409 1565 568 1650 proelium
582 1563 737 1629 collatum
751 1585 845 1630 omne
858 1564 979 1629 bellum
994 1571 1045 1630 est
1062 1570 1150 1635 cirea

113 1654 340 1722 acorinthum
367 1634 502 1738 ideo'que
530 1651 736 1719 Corinthium
763 1656 814 1717 est
840 1652 1048 1736 appellatum.
1094 1657 1150 1722 hic

147 1765 221 1809 cum
247 1765 312 1807 una
338 1763 448 1830 pugna
474 1744 583 1807 decem
610 1740 702 1805 milia
723 1740 867 1806 hostium
889 1739 1042 1826 Agesilao
1067 1741 1149 1809 duce

147 1830 339 1897 cecidissent
356 1852 457 1914 eoque
479 1829 567 1895 facto
587 1850 664 1912 opes
687 1828 942 1894 adversariorum
960 1829 1148 1896 debilitatae

147 1919 341 2003 viderentur,
363 1923 493 1983 tantum
511 1917 593 1982 afluit
612 1917 652 1980 ab
671 1916 845 1981 insolentia
863 1916 995 2002 gloriae,
1012 1921 1051 1982 ut
1065 1940 1147 1983 com-

148 2003 320 2072 miseratus
348 2006 393 2070 sit
419 2005 583 2071 fortunam
606 2001 774 2088 Graeciae,
802 2004 888 2088 quod
915 2009 984 2069 tam
1010 2007 1148 2071 multia

78 2092 87 2109 ⁹
149 2117 183 2160 se
205 2095 283 2159 victi
306 2093 386 2158 vitio
410 2092 666 2156 adversariorum
684 2092 912 2156 concidissent:
933 2114 1073 2177 namque
1092 2094 1147 2158 illa

149 2181 365 2266 multitudine,
389 2181 417 2245 si
440 2200 518 2244 sana
540 2200 631 2243 mens
654 2183 756 2263 esset,
779 2177 931 2244 Graeciae
954 2182 1154 2266 supplicium.

114 2271 264 2336 3Persas
297 2270 372 2334 dare
403 2268 557 2353 potuisse.
606 2266 691 2332 idem
724 2288 796 2331 cum
828 2268 1028 2334 adversarios
1061 2270 1145 2334 intra

150 2359 277 2425 moenia
295 2357 506 2443 compulisset
523 2359 557 2419 et
573 2359 611 2420 ut
626 2354 818 2421 Corinthum
837 2361 1039 2443 oppugnaret
1053 2357 1144 2422 multi

149 2446 367 2530 hortarentur,
384 2445 516 2532 negavit
534 2443 567 2508 id
586 2465 662 2508 suae
676 2444 790 2508 virtuti
804 2444 986 2509 convenire:
1009 2466 1044 2509 se
1063 2446 1145 2510 enim

150 2557 224 2600 eum
247 2556 316 2600 esse
340 2533 459 2617 [dixit],
483 2532 538 2616 qui
561 2532 601 2596 ad
624 2531 767 2596 officium
788 2535 957 2616 peccantes
976 2533 1080 2598 redire
1099 2555 1145 2600 co

150 2625 251 2707 geret,
272 2643 338 2686 non
357 2621 412 2705 qui
430 2621 527 2686 urbes
540 2619 760 2685 nobilissimas
774 2624 972 2706 expugnaret
986 2618 1145 2689 Graeciae.

114 2707 241 2774 4‘nam
264 2709 307 2774 si'
330 2709 437 2792 inquit
460 2708 526 2772 ‘eos
549 2708 753 2794 exstinguere
776 2707 983 2792 voluerimus,
1011 2710 1068 2793 qui
1095 2731 1146 2776 no·

150 2796 276 2862 hiscum
298 2797 450 2861 adversus
473 2796 629 2860 barbaros
652 2799 825 2878 steterunt,
852 2800 981 2861 nosmet
1002 2796 1067 2881 ipsi
1089 2819 1144 2863 nos

151 2885 439 2971 expugnaverimus
470 2883 537 2948 illis
570 2884 817 2968 quiescentibus.
863 2905 926 2967 quo
958 2883 1045 2950 facto
1080 2886 1144 2951 sine

150 2974 292 3060 negotio,
315 2994 388 3038 cum
410 2973 585 3056 voluerint,
607 2993 666 3036 nos
689 2971 892 3054 oppriment?

1 3149 4 3156 ἱ
116 3063 136 3128 6
238 3061 374 3126 [nterim
402 3060 518 3126 accidit
544 3060 602 3124 illa
631 3059 798 3124 calamitas
821 3059 906 3144 apud
927 3058 1069 3126 Leuctra
1090 3060 1145 3126 La·

152 3149 373 3216 oedaemoniis.
412 3170 475 3232 quo
497 3170 538 3213 ne
560 3147 825 3232 proficisceretur,
848 3170 922 3213 cum
944 3171 963 3211 a
984 3140 1148 3233 plerisque'

151 3238 191 3302 ad
219 3237 396 3303 exeundum
423 3236 655 3320 impelleretur,
684 3238 722 3299 ut
745 3236 773 3299 si
799 3236 839 3301 de
866 3237 954 3300 exitu
980 3236 1145 3320 divinaret,

150 3327 303 3391 mussavit
331 3329 514 3391 senatulum.
559 3323 657 3407 idem,
689 3345 762 3388 cum
790 3324 1031 3408 Epaminondas
1055 3324 1146 3410 Spar

151 3418 219 3478 tam
242 3417 444 3498 oppugnaret
467 3414 614 3494 essetque
638 3411 706 3476 sine
729 3412 830 3476 muris
853 3412 1020 3497 oppidum,
1049 3415 1146 3480 talem

152 3523 186 3565 se
218 3501 447 3584 imperatorem
481 3497 647 3585 praebuit,
682 3503 720 3564 ut
751 3522 789 3565 eo
821 3503 966 3583 tempore
998 3503 1145 3568 omnibus
