2528 4042
144 164 185 226 16
459 165 504 219 IV.
523 165 733 220 PAUSANIAS.
762 173 785 219 1.
805 171 830 221 2.

144 313 290 392 satrapes
309 309 426 394 regius,
448 309 579 373 natione
598 307 721 392 Medus,
743 310 829 394 regis
847 329 954 394 gener,
975 308 1011 373 in
1030 309 1146 392 primis

144 397 288 462 omnium
311 395 483 461 Persarum
510 401 543 461 et
570 419 667 462 manu
693 397 790 462 fortis
813 401 847 461 et
869 397 994 462 consilii
1022 397 1147 481 plenus,

144 507 218 549 cum
240 485 386 550 ducentis
409 486 541 550 milibus
568 485 727 569 peditum,
755 506 836 568 quos
862 485 985 549 viritim
1012 485 1147 570 legerat,

144 578 178 636 et
204 565 321 658 viginti
349 575 494 656 equitum
526 573 612 636 haud
642 573 691 637 ita
722 593 840 659 magna
866 595 964 638 manu
992 570 1146 638 Graeciae

109 676 125 725 s
144 660 276 746 fugatus
300 664 359 745 est,
382 682 484 743 eoque
507 661 576 744 ipse
600 659 663 724 dux
686 661 802 726 cecidit
823 661 956 744 proelio.
998 682 1063 744 qua
1085 661 1146 727 ric·

144 750 231 814 toria
259 750 363 813 elatus
395 749 536 832 plurima
567 748 701 813 miscere
729 748 836 832 coepit
863 752 897 813 et
923 749 1047 814 maiora
1075 770 1146 815 con·

145 838 336 922 cupiscere„
363 835 418 900 sed
444 837 586 919 primum
613 836 647 899 in
669 858 707 901 eo
731 840 781 901 cst
808 837 1034 921 reprehensus,
1062 837 1146 921 quod

145 948 183 989 ex
214 924 334 1008 praeda
364 923 525 1008 tripodem
557 945 689 989 aureum
719 923 855 1008 Delphis
887 925 1051 1008 posuisset
1084 927 1147 1010 cpi·

145 1016 326 1098 grammate
348 1012 519 1096 inscripto,
545 1012 580 1077 in
603 1033 667 1096 quo
689 1012 768 1078 haec
792 1017 862 1076 erat
884 1013 1059 1078 sententia:
1089 1035 1146 1079 suo

146 1102 244 1164 ductu
275 1101 431 1165 barbaros
463 1100 548 1185 apud
579 1100 729 1165 Plataeas
759 1121 829 1165 esse
861 1101 984 1166 deletos
1013 1101 1146 1187 eiusque

110 1207 127 1251 4
146 1188 300 1252 victoriae
323 1208 400 1274 ergo
419 1188 565 1272 Apollini
586 1189 622 1253 id
643 1189 761 1254 donum
784 1188 917 1254 dedisse.
950 1189 1012 1253 hos
1034 1212 1145 1255 versus

145 1275 391 1340 Lacedaemonii
423 1277 667 1360 exsculpserunt
697 1298 800 1360 neque
832 1276 919 1342 aliud
948 1278 1146 1361 scripserunt

147 1386 243 1448 quam
260 1365 392 1428 nomina
411 1386 520 1429 earum
539 1364 717 1449 civitatum,
736 1386 872 1447 quarum
890 1364 1010 1430 auxilio
1029 1365 1146 1432 Persae

147 1455 240 1516 erant
262 1452 348 1516 victi.

111 1540 132 1604 2
233 1539 314 1604 Post
336 1539 370 1603 id
391 1541 551 1625 proelium
573 1540 708 1605 eundem
728 1539 923 1605 Pausaniam
946 1563 1020 1607 cum
1042 1543 1145 1608 classe

147 1628 309 1694 communi
340 1626 482 1712 Cyprum
510 1632 607 1711 atque
633 1627 883 1712 Hellespontum
910 1629 1078 1714 miserant,
1107 1636 1146 1694 ut

111 1733 128 1780 a
147 1739 185 1782 ex
198 1718 239 1781 iis
254 1717 440 1801 regionibus
459 1717 672 1781 barbarorum
690 1717 852 1800 praesidia
865 1717 1044 1801 depelleret.
1070 1718 1143 1800 pari

145 1804 302 1869 felicitate
329 1805 364 1868 in
391 1826 429 1868 ea
455 1826 489 1869 re
516 1826 593 1870 usus
623 1805 740 1869 elatius
763 1827 797 1870 se
819 1824 931 1890 gerere
953 1805 1057 1889 coepit
1078 1826 1142 1869 ma-

146 1894 294 1975 ioresque
317 1897 468 1975 appetere
490 1914 550 1956 res.
588 1914 663 1957 nam
686 1914 759 1958 cum
781 1891 939 1977 Byzantio
962 1896 1145 1979 expugnato

147 1981 286 2061 cepisset
304 1980 484 2062 complures
503 1979 675 2044 Persarum
692 1981 818 2045 nobiles
837 1986 935 2063 atque
952 1981 987 2046 in
1005 1981 1053 2046 eis
1070 2003 1146 2046 non·

146 2067 253 2131 nullos
277 2067 362 2151 regis
385 2067 598 2150 propinquos,
625 2067 685 2131 hos
710 2068 793 2132 clam
815 2067 914 2133 Xerxi
937 2067 1079 2155 remisit,
1109 2071 1146 2135 si·

148 2155 274 2218 mulans
297 2176 336 2218 ex
358 2154 473 2219 vinclis
495 2155 634 2239 publicis
657 2155 823 2240 effugisse,
846 2160 880 2220 et
902 2178 975 2221 cum
997 2157 1039 2222 iis
1063 2155 1147 2223 Gon·

146 2241 968 2397 rlltmdzit{lltsllltttstsllll’
981 2245 1147 2399 institit

113 2434 129 2483 3
148 2419 350 2503 ‘Pausanias
373 2418 436 2482 dux
457 2354 605 2503 Idpartae,
628 2353 709 2502 duos
727 2418 877 2504 Byzantii
899 2355 1038 2506 ceperiit,
1060 2425 1147 2507 post

149 2528 245 2589 quam
277 2507 475 2590 propinquos
508 2511 582 2572 tuos
612 2508 777 2593 cognovit,
809 2508 870 2572 tibi
902 2509 1028 2574 muneri
1057 2511 1147 2576 misit

148 2615 245 2676 seque
268 2599 375 2659 tecum
399 2594 557 2660 affinitate
580 2596 733 2682 coniungi
748 2598 857 2681 cupit:
895 2619 1006 2681 quare,
1034 2598 1063 2662 si
1087 2598 1146 2663 tibi

112 2681 284 2765 evidetur,
307 2683 361 2746 des
385 2683 414 2746 ei
436 2682 537 2747 filiam
560 2687 650 2748 tuam
672 2689 818 2768 nuptum.
860 2684 894 2748 id
917 2685 945 2749 si
967 2684 1093 2770 feceris,
1116 2690 1148 2751 et

149 2768 300 2852 Spartam
328 2776 362 2833 et
388 2774 528 2835 ceteram
551 2770 720 2837 Graeciam
747 2773 806 2836 sub
834 2775 925 2836 tuam
950 2777 1147 2857 potestatem

148 2879 182 2921 se
210 2858 380 2922 adiuvante
408 2863 435 2922 te
456 2859 661 2924 redacturum
687 2860 869 2942 pollicetur.
913 2861 965 2926 his
988 2861 1027 2926 de
1050 2863 1146 2928 rebus

112 3048 128 3096 ὅ
147 2945 176 3096 pi
196 2945 273 3028 quid
287 2967 381 3032 agere
395 2947 544 3098 voluplris,
562 2952 691 3099 cprtum⁴
704 2946 874 3101 dominii]
883 2949 923 3013 ad
932 2971 1015 3050 ‘eum
1033 2951 1146 3102 milttz

148 3055 226 3184 ciii
248 3055 322 3185 diiii1
346 3055 755 3206 iiiesiinioiiinminagiid
783 3056 1147 3211 opereosslddiiissacdn·

147 3208 257 3272 festim
280 3231 353 3280 cum
376 3212 515 3294 epistula
537 3210 735 3274 Artabazum
760 3212 798 3275 ad
818 3211 1010 3278 Pausaniam
1034 3215 1146 3298 mittit,

147 3298 180 3360 in
204 3318 267 3381 qua
290 3319 363 3362 cum
386 3300 549 3363 collaudat
576 3317 611 3362 ac
637 3298 734 3382 petit,
760 3321 801 3364 ne
828 3301 879 3366 cui
902 3300 949 3364 rei
971 3307 1087 3384 parcat
1108 3302 1146 3368 ad

148 3405 185 3447 ea
208 3383 387 3468 efficienda,
411 3407 492 3469 quae
514 3384 735 3469 polliceretur:
770 3391 797 3452 si
820 3387 1004 3472 perfecerit,
1027 3391 1146 3457 nullius

111 3472 193 3536 orei
213 3494 231 3536 a
250 3494 284 3537 se
302 3474 463 3552 repulsam
483 3474 632 3536 laturum.
668 3475 765 3541 huius
784 3475 960 3541 Pausanias
980 3479 1146 3545 voluntate
