<?xml version="1.0" encoding="UTF-8"?>
<!DOCTYPE html PUBLIC "-//W3C//DTD XHTML 1.0 Transitional//EN"
    "http://www.w3.org/TR/xhtml1/DTD/xhtml1-transitional.dtd">
<html xmlns="http://www.w3.org/1999/xhtml" xml:lang="en" lang="en">
 <head>
  <title>
</title>
<meta http-equiv="Content-Type" content="text/html;charset=utf-8" />
  <meta name='ocr-system' content='tesseract 3.04.00' />
  <meta name='ocr-capabilities' content='ocr_page ocr_carea ocr_par ocr_line ocrx_word'/>
</head>
<body>
  <div class='ocr_page' id='page_1' title='image "./corneliinepotis01halmgoog_0057.png"; bbox 0 0 2528 4042; ppageno 0'>
   <div class='ocr_carea' id='block_1_1' title="bbox 158 185 783 250">
    <p class='ocr_par' dir='ltr' id='par_1_1' title="bbox 158 185 783 250">
     <span class='ocr_line' id='line_1_1' title="bbox 158 185 783 250; baseline -0.002 -10"><span class='ocrx_word' id='word_1_1' title='bbox 158 187 201 250; x_wconf 78' lang='lat'><strong>42</strong></span> <span class='ocrx_word' id='word_1_2' title='bbox 518 187 552 241; x_wconf 94' lang='lat' dir='ltr'><strong>X.</strong></span> <span class='ocrx_word' id='word_1_3' title='bbox 570 185 668 242; x_wconf 82' lang='lat' dir='ltr'><strong>DION.</strong></span> <span class='ocrx_word' id='word_1_4' title='bbox 697 192 721 242; x_wconf 82' lang='lat'><strong>9.</strong></span> <span class='ocrx_word' id='word_1_5' title='bbox 742 193 783 242; x_wconf 91' lang='lat'><strong>10.</strong></span> 
     </span>
    </p>
   </div>
   <div class='ocr_carea' id='block_1_2' title="bbox 110 331 1167 2688">
    <p class='ocr_par' dir='ltr' id='par_1_2' title="bbox 110 331 1167 2688">
     <span class='ocr_line' id='line_1_2' title="bbox 158 331 1167 417; baseline 0.003 -22"><span class='ocrx_word' id='word_1_6' title='bbox 158 332 342 396; x_wconf 81' lang='lat' dir='ltr'><strong>viderentur</strong></span> <span class='ocrx_word' id='word_1_7' title='bbox 364 331 482 396; x_wconf 85' lang='lat' dir='ltr'><strong>venire.</strong></span> <span class='ocrx_word' id='word_1_8' title='bbox 515 331 539 395; x_wconf 95' lang='lat' dir='ltr'><strong>ii</strong></span> <span class='ocrx_word' id='word_1_9' title='bbox 557 336 691 417; x_wconf 91' lang='lat' dir='ltr'><strong>propter</strong></span> <span class='ocrx_word' id='word_1_10' title='bbox 708 331 862 397; x_wconf 76' lang='lat' dir='ltr'><strong>notitiam</strong></span> <span class='ocrx_word' id='word_1_11' title='bbox 880 336 955 397; x_wconf 90' lang='lat' dir='ltr'><strong>sunt</strong></span> <span class='ocrx_word' id='word_1_12' title='bbox 973 333 1167 398; x_wconf 77' lang='lat' dir='ltr'><strong>intromissi.</strong></span> 
     </span>
     <span class='ocr_line' id='line_1_3' title="bbox 124 419 1165 504; baseline 0.004 -20"><span class='ocrx_word' id='word_1_13' title='bbox 124 424 194 484; x_wconf 70' lang='lat' dir='ltr'><strong>sat</strong></span> <span class='ocrx_word' id='word_1_14' title='bbox 216 419 304 484; x_wconf 87' lang='lat' dir='ltr'><strong>illius</strong></span> <span class='ocrx_word' id='word_1_15' title='bbox 327 423 365 484; x_wconf 89' lang='lat' dir='ltr'><strong>ut</strong></span> <span class='ocrx_word' id='word_1_16' title='bbox 387 420 488 485; x_wconf 90' lang='lat' dir='ltr'><strong>limen</strong></span> <span class='ocrx_word' id='word_1_17' title='bbox 505 420 677 504; x_wconf 87' lang='lat' dir='ltr'><strong>intrarant,</strong></span> <span class='ocrx_word' id='word_1_18' title='bbox 699 419 824 486; x_wconf 87' lang='lat' dir='ltr'><strong>foribus</strong></span> <span class='ocrx_word' id='word_1_19' title='bbox 849 420 1006 485; x_wconf 91' lang='lat' dir='ltr'><strong>obseratis</strong></span> <span class='ocrx_word' id='word_1_20' title='bbox 1025 422 1165 488; x_wconf 88' lang='lat' dir='ltr'><strong>inlecto</strong></span> 
     </span>
     <span class='ocr_line' id='line_1_4' title="bbox 159 509 1167 594; baseline 0.003 -22"><span class='ocrx_word' id='word_1_21' title='bbox 159 509 332 572; x_wconf 75' lang='lat' dir='ltr'><strong>cubantem</strong></span> <span class='ocrx_word' id='word_1_22' title='bbox 355 509 525 593; x_wconf 83' lang='lat' dir='ltr'><strong>invadunt,</strong></span> <span class='ocrx_word' id='word_1_23' title='bbox 557 509 728 594; x_wconf 83' lang='lat' dir='ltr'><strong>colligant:</strong></span> <span class='ocrx_word' id='word_1_24' title='bbox 761 510 800 573; x_wconf 92' lang='lat' dir='ltr'><strong>fit</strong></span> <span class='ocrx_word' id='word_1_25' title='bbox 823 509 991 593; x_wconf 89' lang='lat' dir='ltr'><strong>strepitus,</strong></span> <span class='ocrx_word' id='word_1_26' title='bbox 1023 509 1103 574; x_wconf 89' lang='lat' dir='ltr'><strong>adeo</strong></span> <span class='ocrx_word' id='word_1_27' title='bbox 1127 515 1167 575; x_wconf 92' lang='lat' dir='ltr'><strong>ut</strong></span> 
     </span>
     <span class='ocr_line' id='line_1_5' title="bbox 123 596 1167 681; baseline 0.004 -22"><span class='ocrx_word' id='word_1_28' title='bbox 123 596 303 662; x_wconf 70' lang='lat' dir='ltr'><strong>sexaudiri</strong></span> <span class='ocrx_word' id='word_1_29' title='bbox 331 602 443 681; x_wconf 89' lang='lat' dir='ltr'><strong>posset</strong></span> <span class='ocrx_word' id='word_1_30' title='bbox 469 597 558 661; x_wconf 85' lang='lat' dir='ltr'><strong>foris.</strong></span> <span class='ocrx_word' id='word_1_31' title='bbox 602 596 670 679; x_wconf 92' lang='lat' dir='ltr'><strong>hic,</strong></span> <span class='ocrx_word' id='word_1_32' title='bbox 703 596 787 660; x_wconf 91' lang='lat' dir='ltr'><strong>sicut</strong></span> <span class='ocrx_word' id='word_1_33' title='bbox 815 600 890 661; x_wconf 89' lang='lat' dir='ltr'><strong>ante</strong></span> <span class='ocrx_word' id='word_1_34' title='bbox 918 619 1013 681; x_wconf 87' lang='lat' dir='ltr'><strong>saepe</strong></span> <span class='ocrx_word' id='word_1_35' title='bbox 1041 598 1167 663; x_wconf 91' lang='lat' dir='ltr'><strong>dictum</strong></span> 
     </span>
     <span class='ocr_line' id='line_1_6' title="bbox 159 684 1167 770; baseline 0.004 -22"><span class='ocrx_word' id='word_1_36' title='bbox 159 690 218 768; x_wconf 86' lang='lat' dir='ltr'><strong>est,</strong></span> <span class='ocrx_word' id='word_1_37' title='bbox 243 707 341 769; x_wconf 89' lang='lat' dir='ltr'><strong>quam</strong></span> <span class='ocrx_word' id='word_1_38' title='bbox 363 686 467 750; x_wconf 79' lang='lat' dir='ltr'><strong>invisa</strong></span> <span class='ocrx_word' id='word_1_39' title='bbox 490 685 534 748; x_wconf 88' lang='lat' dir='ltr'><strong>sit</strong></span> <span class='ocrx_word' id='word_1_40' title='bbox 557 684 731 770; x_wconf 82' lang='lat' dir='ltr'><strong>singularis</strong></span> <span class='ocrx_word' id='word_1_41' title='bbox 754 686 903 768; x_wconf 87' lang='lat' dir='ltr'><strong>potentia</strong></span> <span class='ocrx_word' id='word_1_42' title='bbox 925 689 959 750; x_wconf 91' lang='lat' dir='ltr'><strong>et</strong></span> <span class='ocrx_word' id='word_1_43' title='bbox 982 686 1167 752; x_wconf 87' lang='lat' dir='ltr'><strong>miseranda</strong></span> 
     </span>
     <span class='ocr_line' id='line_1_7' title="bbox 159 772 1165 858; baseline 0.002 -20"><span class='ocrx_word' id='word_1_44' title='bbox 159 773 241 858; x_wconf 78' lang='lat' dir='ltr'><strong>vita,</strong></span> <span class='ocrx_word' id='word_1_45' title='bbox 269 774 324 858; x_wconf 93' lang='lat' dir='ltr'><strong>qui</strong></span> <span class='ocrx_word' id='word_1_46' title='bbox 348 796 381 838; x_wconf 89' lang='lat' dir='ltr'><strong>se</strong></span> <span class='ocrx_word' id='word_1_47' title='bbox 405 772 506 837; x_wconf 92' lang='lat' dir='ltr'><strong>metui</strong></span> <span class='ocrx_word' id='word_1_48' title='bbox 530 793 627 854; x_wconf 90' lang='lat' dir='ltr'><strong>quam</strong></span> <span class='ocrx_word' id='word_1_49' title='bbox 650 772 752 836; x_wconf 87' lang='lat' dir='ltr'><strong>amari</strong></span> <span class='ocrx_word' id='word_1_50' title='bbox 776 772 916 857; x_wconf 87' lang='lat' dir='ltr'><strong>malunt,</strong></span> <span class='ocrx_word' id='word_1_51' title='bbox 945 775 1046 839; x_wconf 81' lang='lat' dir='ltr'><strong>cuivis</strong></span> <span class='ocrx_word' id='word_1_52' title='bbox 1068 774 1165 840; x_wconf 91' lang='lat' dir='ltr'><strong>facile</strong></span> 
     </span>
     <span class='ocr_line' id='line_1_8' title="bbox 123 860 1166 947; baseline 0.003 -22"><span class='ocrx_word' id='word_1_53' title='bbox 123 877 140 925; x_wconf 81' lang='lat' dir='ltr'><strong>c</strong></span> <span class='ocrx_word' id='word_1_54' title='bbox 160 863 329 927; x_wconf 86' lang='lat' dir='ltr'><strong>intellectu</strong></span> <span class='ocrx_word' id='word_1_55' title='bbox 351 861 422 925; x_wconf 80' lang='lat' dir='ltr'><strong>fuit.</strong></span> <span class='ocrx_word' id='word_1_56' title='bbox 458 881 596 942; x_wconf 88' lang='lat' dir='ltr'><strong>namque</strong></span> <span class='ocrx_word' id='word_1_57' title='bbox 619 860 669 924; x_wconf 92' lang='lat' dir='ltr'><strong>illi</strong></span> <span class='ocrx_word' id='word_1_58' title='bbox 691 860 756 944; x_wconf 93' lang='lat' dir='ltr'><strong>ipsi</strong></span> <span class='ocrx_word' id='word_1_59' title='bbox 779 860 939 945; x_wconf 83' lang='lat' dir='ltr'><strong>custodes,</strong></span> <span class='ocrx_word' id='word_1_60' title='bbox 962 863 990 926; x_wconf 89' lang='lat' dir='ltr'><strong>si</strong></span> <span class='ocrx_word' id='word_1_61' title='bbox 1012 867 1166 947; x_wconf 86' lang='lat' dir='ltr'><strong>prompta</strong></span> 
     </span>
     <span class='ocr_line' id='line_1_9' title="bbox 159 947 1166 1035; baseline 0.003 -21"><span class='ocrx_word' id='word_1_62' title='bbox 159 950 298 1016; x_wconf 86' lang='lat' dir='ltr'><strong>fuissent</strong></span> <span class='ocrx_word' id='word_1_63' title='bbox 324 949 505 1031; x_wconf 82' lang='lat' dir='ltr'><strong>voluntate,</strong></span> <span class='ocrx_word' id='word_1_64' title='bbox 532 947 657 1013; x_wconf 89' lang='lat' dir='ltr'><strong>foribus</strong></span> <span class='ocrx_word' id='word_1_65' title='bbox 686 947 826 1014; x_wconf 88' lang='lat' dir='ltr'><strong>effractis</strong></span> <span class='ocrx_word' id='word_1_66' title='bbox 855 970 982 1013; x_wconf 85' lang='lat' dir='ltr'><strong>servare</strong></span> <span class='ocrx_word' id='word_1_67' title='bbox 1006 973 1079 1016; x_wconf 91' lang='lat' dir='ltr'><strong>eum</strong></span> <span class='ocrx_word' id='word_1_68' title='bbox 1109 973 1166 1035; x_wconf 91' lang='lat' dir='ltr'><strong>po·</strong></span> 
     </span>
     <span class='ocr_line' id='line_1_10' title="bbox 159 1035 1166 1124; baseline 0.003 -21"><span class='ocrx_word' id='word_1_69' title='bbox 159 1039 311 1120; x_wconf 87' lang='lat' dir='ltr'><strong>tuissent,</strong></span> <span class='ocrx_word' id='word_1_70' title='bbox 344 1037 450 1119; x_wconf 81' lang='lat' dir='ltr'><strong>quoad</strong></span> <span class='ocrx_word' id='word_1_71' title='bbox 481 1035 530 1100; x_wconf 89' lang='lat' dir='ltr'><strong>illi</strong></span> <span class='ocrx_word' id='word_1_72' title='bbox 561 1036 700 1102; x_wconf 89' lang='lat' dir='ltr'><strong>inermes</strong></span> <span class='ocrx_word' id='word_1_73' title='bbox 730 1037 833 1102; x_wconf 90' lang='lat' dir='ltr'><strong>telum</strong></span> <span class='ocrx_word' id='word_1_74' title='bbox 863 1036 944 1102; x_wconf 90' lang='lat' dir='ltr'><strong>foris</strong></span> <span class='ocrx_word' id='word_1_75' title='bbox 976 1037 1166 1124; x_wconf 80' lang='lat' dir='ltr'><strong>flagitantes</strong></span> 
     </span>
     <span class='ocr_line' id='line_1_11' title="bbox 158 1124 1165 1211; baseline 0.004 -21"><span class='ocrx_word' id='word_1_76' title='bbox 158 1126 267 1190; x_wconf 79' lang='lat' dir='ltr'><strong>vivum</strong></span> <span class='ocrx_word' id='word_1_77' title='bbox 298 1124 461 1188; x_wconf 88' lang='lat' dir='ltr'><strong>tenebant.</strong></span> <span class='ocrx_word' id='word_1_78' title='bbox 507 1125 559 1190; x_wconf 93' lang='lat' dir='ltr'><strong>cui</strong></span> <span class='ocrx_word' id='word_1_79' title='bbox 591 1147 665 1190; x_wconf 92' lang='lat' dir='ltr'><strong>cum</strong></span> <span class='ocrx_word' id='word_1_80' title='bbox 697 1130 897 1191; x_wconf 80' lang='lat' dir='ltr'><strong>succurreret</strong></span> <span class='ocrx_word' id='word_1_81' title='bbox 928 1147 1042 1210; x_wconf 92' lang='lat' dir='ltr'><strong>nemo,</strong></span> <span class='ocrx_word' id='word_1_82' title='bbox 1074 1127 1165 1211; x_wconf 82' lang='lat' dir='ltr'><strong>Lyco</strong></span> 
     </span>
     <span class='ocr_line' id='line_1_12' title="bbox 159 1210 1165 1300; baseline 0.005 -23"><span class='ocrx_word' id='word_1_83' title='bbox 159 1212 290 1296; x_wconf 90' lang='lat' dir='ltr'><strong>quidam</strong></span> <span class='ocrx_word' id='word_1_84' title='bbox 309 1210 530 1295; x_wconf 85' lang='lat' dir='ltr'><strong>Syracusanus</strong></span> <span class='ocrx_word' id='word_1_85' title='bbox 549 1234 608 1296; x_wconf 89' lang='lat' dir='ltr'><strong>per</strong></span> <span class='ocrx_word' id='word_1_86' title='bbox 624 1213 802 1278; x_wconf 85' lang='lat' dir='ltr'><strong>fenestram</strong></span> <span class='ocrx_word' id='word_1_87' title='bbox 820 1214 964 1300; x_wconf 84' lang='lat' dir='ltr'><strong>gladium</strong></span> <span class='ocrx_word' id='word_1_88' title='bbox 983 1213 1080 1300; x_wconf 84' lang='lat' dir='ltr'><strong>dedit,</strong></span> <span class='ocrx_word' id='word_1_89' title='bbox 1100 1238 1165 1299; x_wconf 91' lang='lat' dir='ltr'><strong>quo</strong></span> 
     </span>
     <span class='ocr_line' id='line_1_13' title="bbox 158 1299 540 1365; baseline -0.003 0"><span class='ocrx_word' id='word_1_90' title='bbox 158 1300 245 1365; x_wconf 89' lang='lat' dir='ltr'><strong>Dion</strong></span> <span class='ocrx_word' id='word_1_91' title='bbox 267 1299 456 1365; x_wconf 88' lang='lat' dir='ltr'><strong>interfectus</strong></span> <span class='ocrx_word' id='word_1_92' title='bbox 481 1305 540 1364; x_wconf 88' lang='lat' dir='ltr'><strong>est</strong></span> 
     </span>
     <span class='ocr_line' id='line_1_14' title="bbox 110 1387 1166 1476; baseline 0.001 -21"><span class='ocrx_word' id='word_1_93' title='bbox 110 1389 149 1456; x_wconf 80' lang='lat'><strong>10</strong></span> <span class='ocrx_word' id='word_1_94' title='bbox 247 1387 403 1454; x_wconf 81' lang='lat' dir='ltr'><strong>Confecta</strong></span> <span class='ocrx_word' id='word_1_95' title='bbox 426 1388 530 1472; x_wconf 88' lang='lat' dir='ltr'><strong>caede,</strong></span> <span class='ocrx_word' id='word_1_96' title='bbox 554 1409 628 1452; x_wconf 92' lang='lat' dir='ltr'><strong>cum</strong></span> <span class='ocrx_word' id='word_1_97' title='bbox 650 1388 825 1454; x_wconf 90' lang='lat' dir='ltr'><strong>multitudo</strong></span> <span class='ocrx_word' id='word_1_98' title='bbox 849 1390 972 1454; x_wconf 90' lang='lat' dir='ltr'><strong>visendi</strong></span> <span class='ocrx_word' id='word_1_99' title='bbox 991 1391 1099 1476; x_wconf 81' lang='lat' dir='ltr'><strong>gratia</strong></span> <span class='ocrx_word' id='word_1_100' title='bbox 1117 1392 1166 1457; x_wconf 92' lang='lat' dir='ltr'><strong>in·</strong></span> 
     </span>
     <span class='ocr_line' id='line_1_15' title="bbox 158 1476 1166 1560; baseline 0.005 -20"><span class='ocrx_word' id='word_1_101' title='bbox 158 1477 306 1559; x_wconf 84' lang='lat' dir='ltr'><strong>troisset,</strong></span> <span class='ocrx_word' id='word_1_102' title='bbox 337 1477 485 1541; x_wconf 90' lang='lat' dir='ltr'><strong>nonnulli</strong></span> <span class='ocrx_word' id='word_1_103' title='bbox 513 1477 554 1540; x_wconf 88' lang='lat' dir='ltr'><strong>ab</strong></span> <span class='ocrx_word' id='word_1_104' title='bbox 582 1476 693 1541; x_wconf 90' lang='lat' dir='ltr'><strong>insciis</strong></span> <span class='ocrx_word' id='word_1_105' title='bbox 720 1498 780 1560; x_wconf 90' lang='lat' dir='ltr'><strong>pro</strong></span> <span class='ocrx_word' id='word_1_106' title='bbox 807 1476 913 1541; x_wconf 85' lang='lat' dir='ltr'><strong>noxiis</strong></span> <span class='ocrx_word' id='word_1_107' title='bbox 941 1479 1166 1546; x_wconf 89' lang='lat' dir='ltr'><strong>conciduntur.</strong></span> 
     </span>
     <span class='ocr_line' id='line_1_16' title="bbox 158 1562 1165 1649; baseline 0.003 -20"><span class='ocrx_word' id='word_1_108' title='bbox 158 1587 234 1629; x_wconf 87' lang='lat' dir='ltr'><strong>nam</strong></span> <span class='ocrx_word' id='word_1_109' title='bbox 258 1564 354 1629; x_wconf 85' lang='lat' dir='ltr'><strong>caleri</strong></span> <span class='ocrx_word' id='word_1_110' title='bbox 376 1565 644 1649; x_wconf 75' lang='lat' dir='ltr'><strong>rumore&#39;dilato,</strong></span> <span class='ocrx_word' id='word_1_111' title='bbox 671 1562 770 1628; x_wconf 92' lang='lat' dir='ltr'><strong>Dioni</strong></span> <span class='ocrx_word' id='word_1_112' title='bbox 797 1565 864 1630; x_wconf 84' lang='lat' dir='ltr'><strong>vim</strong></span> <span class='ocrx_word' id='word_1_113' title='bbox 892 1564 1039 1648; x_wconf 87' lang='lat' dir='ltr'><strong>allatam,</strong></span> <span class='ocrx_word' id='word_1_114' title='bbox 1066 1569 1165 1632; x_wconf 90' lang='lat' dir='ltr'><strong>multi</strong></span> 
     </span>
     <span class='ocr_line' id='line_1_17' title="bbox 159 1651 1165 1737; baseline 0.001 -19"><span class='ocrx_word' id='word_1_115' title='bbox 159 1658 398 1736; x_wconf 89' lang='lat' dir='ltr'><strong>concurrerant,</strong></span> <span class='ocrx_word' id='word_1_116' title='bbox 421 1654 538 1737; x_wconf 88' lang='lat' dir='ltr'><strong>quibus</strong></span> <span class='ocrx_word' id='word_1_117' title='bbox 561 1653 628 1718; x_wconf 90' lang='lat' dir='ltr'><strong>tale</strong></span> <span class='ocrx_word' id='word_1_118' title='bbox 650 1651 776 1717; x_wconf 86' lang='lat' dir='ltr'><strong>facinus</strong></span> <span class='ocrx_word' id='word_1_119' title='bbox 799 1651 1000 1736; x_wconf 86' lang='lat' dir='ltr'><strong>displicebat.</strong></span> <span class='ocrx_word' id='word_1_120' title='bbox 1036 1652 1060 1715; x_wconf 91' lang='lat' dir='ltr'><strong>ii</strong></span> <span class='ocrx_word' id='word_1_121' title='bbox 1078 1652 1165 1719; x_wconf 85' lang='lat' dir='ltr'><strong>falsa</strong></span> 
     </span>
     <span class='ocr_line' id='line_1_18' title="bbox 159 1740 1164 1825; baseline 0.001 -19"><span class='ocrx_word' id='word_1_122' title='bbox 159 1741 341 1825; x_wconf 83' lang='lat' dir='ltr'><strong>suspicione</strong></span> <span class='ocrx_word' id='word_1_123' title='bbox 374 1742 463 1807; x_wconf 91' lang='lat' dir='ltr'><strong>ducti</strong></span> <span class='ocrx_word' id='word_1_124' title='bbox 493 1743 700 1807; x_wconf 88' lang='lat' dir='ltr'><strong>immerentes</strong></span> <span class='ocrx_word' id='word_1_125' title='bbox 731 1745 770 1806; x_wconf 89' lang='lat' dir='ltr'><strong>ut</strong></span> <span class='ocrx_word' id='word_1_126' title='bbox 802 1740 976 1806; x_wconf 88' lang='lat' dir='ltr'><strong>sceleratos</strong></span> <span class='ocrx_word' id='word_1_127' title='bbox 1004 1740 1164 1807; x_wconf 88' lang='lat' dir='ltr'><strong>occidunt.</strong></span> 
     </span>
     <span class='ocr_line' id='line_1_19' title="bbox 123 1828 1164 1915; baseline 0 -21"><span class='ocrx_word' id='word_1_128' title='bbox 123 1845 139 1894; x_wconf 77' lang='lat' dir='ltr'><strong>a</strong></span> <span class='ocrx_word' id='word_1_129' title='bbox 158 1830 254 1894; x_wconf 89' lang='lat' dir='ltr'><strong>huius</strong></span> <span class='ocrx_word' id='word_1_130' title='bbox 274 1829 311 1894; x_wconf 90' lang='lat' dir='ltr'><strong>de</strong></span> <span class='ocrx_word' id='word_1_131' title='bbox 330 1835 436 1895; x_wconf 89' lang='lat' dir='ltr'><strong>morte</strong></span> <span class='ocrx_word' id='word_1_132' title='bbox 453 1835 491 1895; x_wconf 88' lang='lat' dir='ltr'><strong>ut</strong></span> <span class='ocrx_word' id='word_1_133' title='bbox 508 1830 618 1915; x_wconf 86' lang='lat' dir='ltr'><strong>palam</strong></span> <span class='ocrx_word' id='word_1_134' title='bbox 640 1829 841 1914; x_wconf 88' lang='lat' dir='ltr'><strong>factumest,</strong></span> <span class='ocrx_word' id='word_1_135' title='bbox 863 1828 1058 1894; x_wconf 83' lang='lat' dir='ltr'><strong>mirabiliter</strong></span> <span class='ocrx_word' id='word_1_136' title='bbox 1072 1830 1164 1915; x_wconf 85' lang='lat' dir='ltr'><strong>vulgi</strong></span> 
     </span>
     <span class='ocr_line' id='line_1_20' title="bbox 159 1918 1162 2001; baseline 0.001 -20"><span class='ocrx_word' id='word_1_137' title='bbox 159 1922 286 1982; x_wconf 88' lang='lat' dir='ltr'><strong>mutata</strong></span> <span class='ocrx_word' id='word_1_138' title='bbox 309 1922 360 1983; x_wconf 88' lang='lat' dir='ltr'><strong>est</strong></span> <span class='ocrx_word' id='word_1_139' title='bbox 383 1918 543 1984; x_wconf 82' lang='lat' dir='ltr'><strong>voluntas.</strong></span> <span class='ocrx_word' id='word_1_140' title='bbox 579 1940 656 1982; x_wconf 90' lang='lat' dir='ltr'><strong>nam</strong></span> <span class='ocrx_word' id='word_1_141' title='bbox 680 1919 735 2001; x_wconf 92' lang='lat' dir='ltr'><strong>qui</strong></span> <span class='ocrx_word' id='word_1_142' title='bbox 757 1918 867 1982; x_wconf 74' lang='lat' dir='ltr'><strong>vivum</strong></span> <span class='ocrx_word' id='word_1_143' title='bbox 890 1940 965 1981; x_wconf 93' lang='lat' dir='ltr'><strong>eum</strong></span> <span class='ocrx_word' id='word_1_144' title='bbox 986 1922 1162 2000; x_wconf 86' lang='lat' dir='ltr'><strong>tyrannum</strong></span> 
     </span>
     <span class='ocr_line' id='line_1_21' title="bbox 158 2005 1165 2090; baseline 0 -20"><span class='ocrx_word' id='word_1_145' title='bbox 158 2006 355 2090; x_wconf 79' lang='lat' dir='ltr'><strong>vocitarent,</strong></span> <span class='ocrx_word' id='word_1_146' title='bbox 385 2006 488 2070; x_wconf 90' lang='lat' dir='ltr'><strong>eidem</strong></span> <span class='ocrx_word' id='word_1_147' title='bbox 515 2006 726 2071; x_wconf 84' lang='lat' dir='ltr'><strong>liberatorem</strong></span> <span class='ocrx_word' id='word_1_148' title='bbox 747 2005 873 2089; x_wconf 88' lang='lat' dir='ltr'><strong>patriae</strong></span> <span class='ocrx_word' id='word_1_149' title='bbox 897 2006 1090 2088; x_wconf 83' lang='lat' dir='ltr'><strong>tyrannique</strong></span> <span class='ocrx_word' id='word_1_150' title='bbox 1114 2028 1165 2070; x_wconf 86' lang='lat' dir='ltr'><strong>ex-</strong></span> 
     </span>
     <span class='ocr_line' id='line_1_22' title="bbox 157 2092 1165 2178; baseline 0.001 -20"><span class='ocrx_word' id='word_1_151' title='bbox 157 2095 323 2177; x_wconf 90' lang='lat' dir='ltr'><strong>pulsorem</strong></span> <span class='ocrx_word' id='word_1_152' title='bbox 350 2093 590 2178; x_wconf 86' lang='lat' dir='ltr'><strong>praedicabant.</strong></span> <span class='ocrx_word' id='word_1_153' title='bbox 636 2093 682 2157; x_wconf 90' lang='lat' dir='ltr'><strong>sic</strong></span> <span class='ocrx_word' id='word_1_154' title='bbox 706 2093 814 2157; x_wconf 88' lang='lat' dir='ltr'><strong>subito</strong></span> <span class='ocrx_word' id='word_1_155' title='bbox 844 2092 1066 2158; x_wconf 85' lang='lat' dir='ltr'><strong>misericordia</strong></span> <span class='ocrx_word' id='word_1_156' title='bbox 1089 2095 1165 2160; x_wconf 90' lang='lat' dir='ltr'><strong>odio</strong></span> 
     </span>
     <span class='ocr_line' id='line_1_23' title="bbox 159 2181 1165 2268; baseline 0.001 -22"><span class='ocrx_word' id='word_1_157' title='bbox 159 2185 370 2266; x_wconf 84' lang='lat' dir='ltr'><strong>successerat,</strong></span> <span class='ocrx_word' id='word_1_158' title='bbox 401 2186 439 2246; x_wconf 89' lang='lat' dir='ltr'><strong>ut</strong></span> <span class='ocrx_word' id='word_1_159' title='bbox 467 2203 540 2247; x_wconf 87' lang='lat' dir='ltr'><strong>eum</strong></span> <span class='ocrx_word' id='word_1_160' title='bbox 567 2202 625 2246; x_wconf 86' lang='lat' dir='ltr'><strong>suo</strong></span> <span class='ocrx_word' id='word_1_161' title='bbox 654 2182 810 2268; x_wconf 81' lang='lat' dir='ltr'><strong>sanguine</strong></span> <span class='ocrx_word' id='word_1_162' title='bbox 838 2182 879 2246; x_wconf 91' lang='lat' dir='ltr'><strong>ab</strong></span> <span class='ocrx_word' id='word_1_163' title='bbox 908 2181 1108 2266; x_wconf 81' lang='lat' dir='ltr'><strong>Acherunte,</strong></span> <span class='ocrx_word' id='word_1_164' title='bbox 1137 2184 1165 2247; x_wconf 92' lang='lat' dir='ltr'><strong>si</strong></span> 
     </span>
     <span class='ocr_line' id='line_1_24' title="bbox 123 2269 1166 2354; baseline 0 -20"><span class='ocrx_word' id='word_1_165' title='bbox 123 2274 305 2354; x_wconf 70' lang='lat' dir='ltr'><strong>spument,</strong></span> <span class='ocrx_word' id='word_1_166' title='bbox 335 2273 489 2354; x_wconf 89' lang='lat' dir='ltr'><strong>cuperent</strong></span> <span class='ocrx_word' id='word_1_167' title='bbox 516 2270 682 2335; x_wconf 88' lang='lat' dir='ltr'><strong>redimere.</strong></span> <span class='ocrx_word' id='word_1_168' title='bbox 726 2270 837 2353; x_wconf 88' lang='lat' dir='ltr'><strong>itaque</strong></span> <span class='ocrx_word' id='word_1_169' title='bbox 866 2269 901 2333; x_wconf 92' lang='lat' dir='ltr'><strong>in</strong></span> <span class='ocrx_word' id='word_1_170' title='bbox 923 2271 1003 2334; x_wconf 89' lang='lat' dir='ltr'><strong>urbe</strong></span> <span class='ocrx_word' id='word_1_171' title='bbox 1027 2271 1166 2336; x_wconf 85' lang='lat' dir='ltr'><strong>celeber·</strong></span> 
     </span>
     <span class='ocr_line' id='line_1_25' title="bbox 158 2358 1165 2443; baseline 0.001 -20"><span class='ocrx_word' id='word_1_172' title='bbox 158 2360 241 2424; x_wconf 90' lang='lat' dir='ltr'><strong>rimo</strong></span> <span class='ocrx_word' id='word_1_173' title='bbox 259 2359 341 2443; x_wconf 92' lang='lat' dir='ltr'><strong>loco,</strong></span> <span class='ocrx_word' id='word_1_174' title='bbox 365 2359 470 2424; x_wconf 88' lang='lat' dir='ltr'><strong>elatus</strong></span> <span class='ocrx_word' id='word_1_175' title='bbox 488 2359 626 2443; x_wconf 88' lang='lat' dir='ltr'><strong>publice,</strong></span> <span class='ocrx_word' id='word_1_176' title='bbox 646 2358 786 2442; x_wconf 89' lang='lat' dir='ltr'><strong>sepulcri</strong></span> <span class='ocrx_word' id='word_1_177' title='bbox 799 2362 1010 2423; x_wconf 87' lang='lat' dir='ltr'><strong>monumento</strong></span> <span class='ocrx_word' id='word_1_178' title='bbox 1025 2358 1165 2424; x_wconf 88' lang='lat' dir='ltr'><strong>donatus</strong></span> 
     </span>
     <span class='ocr_line' id='line_1_26' title="bbox 159 2446 1167 2532; baseline 0 -20"><span class='ocrx_word' id='word_1_179' title='bbox 159 2452 217 2512; x_wconf 89' lang='lat' dir='ltr'><strong>est.</strong></span> <span class='ocrx_word' id='word_1_180' title='bbox 263 2448 348 2512; x_wconf 90' lang='lat' dir='ltr'><strong>diem</strong></span> <span class='ocrx_word' id='word_1_181' title='bbox 377 2448 460 2512; x_wconf 87' lang='lat' dir='ltr'><strong>obiit</strong></span> <span class='ocrx_word' id='word_1_182' title='bbox 494 2446 623 2512; x_wconf 91' lang='lat' dir='ltr'><strong>circiter</strong></span> <span class='ocrx_word' id='word_1_183' title='bbox 655 2467 756 2512; x_wconf 89' lang='lat' dir='ltr'><strong>annos</strong></span> <span class='ocrx_word' id='word_1_184' title='bbox 790 2447 1026 2531; x_wconf 84' lang='lat' dir='ltr'><strong>quinquaginta</strong></span> <span class='ocrx_word' id='word_1_185' title='bbox 1057 2451 1167 2532; x_wconf 87' lang='lat' dir='ltr'><strong>natus,</strong></span> 
     </span>
     <span class='ocr_line' id='line_1_27' title="bbox 159 2533 1166 2620; baseline 0 -21"><span class='ocrx_word' id='word_1_186' title='bbox 159 2539 311 2618; x_wconf 88' lang='lat' dir='ltr'><strong>quartum</strong></span> <span class='ocrx_word' id='word_1_187' title='bbox 333 2540 410 2619; x_wconf 87' lang='lat' dir='ltr'><strong>post</strong></span> <span class='ocrx_word' id='word_1_188' title='bbox 432 2557 565 2619; x_wconf 85' lang='lat' dir='ltr'><strong>annum,</strong></span> <span class='ocrx_word' id='word_1_189' title='bbox 594 2556 692 2619; x_wconf 90' lang='lat' dir='ltr'><strong>quam</strong></span> <span class='ocrx_word' id='word_1_190' title='bbox 719 2557 758 2600; x_wconf 88' lang='lat' dir='ltr'><strong>ex</strong></span> <span class='ocrx_word' id='word_1_191' title='bbox 781 2535 1004 2620; x_wconf 87' lang='lat' dir='ltr'><strong>Peloponneso</strong></span> <span class='ocrx_word' id='word_1_192' title='bbox 1027 2534 1062 2599; x_wconf 93' lang='lat' dir='ltr'><strong>in</strong></span> <span class='ocrx_word' id='word_1_193' title='bbox 1086 2533 1166 2601; x_wconf 81' lang='lat' dir='ltr'><strong>Sici·</strong></span> 
     </span>
     <span class='ocr_line' id='line_1_28' title="bbox 157 2622 407 2688; baseline 0 -2"><span class='ocrx_word' id='word_1_194' title='bbox 157 2622 236 2687; x_wconf 89' lang='lat' dir='ltr'><strong>liam</strong></span> <span class='ocrx_word' id='word_1_195' title='bbox 258 2622 407 2688; x_wconf 90' lang='lat' dir='ltr'><strong>redierat.</strong></span> 
     </span>
    </p>
   </div>
   <div class='ocr_carea' id='block_1_3' title="bbox 558 2765 770 2775">
    <p class='ocr_par' dir='ltr' id='par_1_3' title="bbox 558 2765 770 2775">
     <span class='ocr_line' id='line_1_29' title="bbox 558 2765 770 2775; baseline 0 -1"><span class='ocrx_word' id='word_1_196' title='bbox 558 2765 770 2775; x_wconf 70' lang='lat' dir='ltr'>——u——--</span> 
     </span>
    </p>
   </div>
   <div class='ocr_carea' id='block_1_4' title="bbox 466 2922 850 2999">
    <p class='ocr_par' dir='ltr' id='par_1_4' title="bbox 466 2922 850 2999">
     <span class='ocr_line' id='line_1_30' title="bbox 466 2922 850 2999; baseline 0 -3"><span class='ocrx_word' id='word_1_197' title='bbox 466 2924 527 2997; x_wconf 89' lang='lat' dir='ltr'><strong>Xl.</strong></span> <span class='ocrx_word' id='word_1_198' title='bbox 555 2922 850 2999; x_wconf 78' lang='lat' dir='ltr'><strong>IPHIORATES.</strong></span> 
     </span>
    </p>
   </div>
   <div class='ocr_carea' id='block_1_5' title="bbox 124 3061 1167 3590">
    <p class='ocr_par' dir='ltr' id='par_1_5' title="bbox 128 3061 1166 3411">
     <span class='ocr_line' id='line_1_31' title="bbox 128 3061 1166 3148; baseline 0.001 -21"><span class='ocrx_word' id='word_1_199' title='bbox 128 3063 143 3127; x_wconf 85' lang='lat'><em>1</em></span> <span class='ocrx_word' id='word_1_200' title='bbox 247 3062 428 3146; x_wconf 88' lang='lat' dir='ltr'><strong>Iphicrates</strong></span> <span class='ocrx_word' id='word_1_201' title='bbox 452 3061 661 3128; x_wconf 84' lang='lat' dir='ltr'><strong>Atheniensis</strong></span> <span class='ocrx_word' id='word_1_202' title='bbox 684 3083 750 3126; x_wconf 91' lang='lat' dir='ltr'><strong>non</strong></span> <span class='ocrx_word' id='word_1_203' title='bbox 779 3065 850 3126; x_wconf 91' lang='lat' dir='ltr'><strong>tam</strong></span> <span class='ocrx_word' id='word_1_204' title='bbox 872 3062 1094 3148; x_wconf 81' lang='lat' dir='ltr'><strong>magnitudine</strong></span> <span class='ocrx_word' id='word_1_205' title='bbox 1117 3085 1166 3129; x_wconf 87' lang='lat' dir='ltr'><strong>re·</strong></span> 
     </span>
     <span class='ocr_line' id='line_1_32' title="bbox 159 3150 1165 3236; baseline 0 -19"><span class='ocrx_word' id='word_1_206' title='bbox 159 3173 231 3217; x_wconf 85' lang='lat' dir='ltr'><strong>rum</strong></span> <span class='ocrx_word' id='word_1_207' title='bbox 251 3155 416 3236; x_wconf 85' lang='lat' dir='ltr'><strong>gestarum</strong></span> <span class='ocrx_word' id='word_1_208' title='bbox 435 3171 532 3234; x_wconf 90' lang='lat' dir='ltr'><strong>quam</strong></span> <span class='ocrx_word' id='word_1_209' title='bbox 552 3150 723 3234; x_wconf 86' lang='lat' dir='ltr'><strong>disciplina</strong></span> <span class='ocrx_word' id='word_1_210' title='bbox 740 3150 878 3215; x_wconf 87' lang='lat' dir='ltr'><strong>militari</strong></span> <span class='ocrx_word' id='word_1_211' title='bbox 895 3152 1089 3215; x_wconf 86' lang='lat' dir='ltr'><strong>nobilitatus</strong></span> <span class='ocrx_word' id='word_1_212' title='bbox 1104 3156 1165 3217; x_wconf 81' lang='lat' dir='ltr'><strong>est</strong></span> 
     </span>
     <span class='ocr_line' id='line_1_33' title="bbox 159 3238 1165 3322; baseline 0.001 -18"><span class='ocrx_word' id='word_1_213' title='bbox 159 3239 223 3304; x_wconf 83' lang='lat' dir='ltr'><strong>fuit</strong></span> <span class='ocrx_word' id='word_1_214' title='bbox 251 3238 336 3304; x_wconf 91' lang='lat' dir='ltr'><strong>enim</strong></span> <span class='ocrx_word' id='word_1_215' title='bbox 364 3238 440 3302; x_wconf 90' lang='lat' dir='ltr'><strong>talis</strong></span> <span class='ocrx_word' id='word_1_216' title='bbox 468 3239 545 3322; x_wconf 84' lang='lat' dir='ltr'><strong>dux,</strong></span> <span class='ocrx_word' id='word_1_217' title='bbox 572 3242 697 3302; x_wconf 92' lang='lat' dir='ltr'><strong>utnon</strong></span> <span class='ocrx_word' id='word_1_218' title='bbox 720 3238 826 3303; x_wconf 89' lang='lat' dir='ltr'><strong>solum</strong></span> <span class='ocrx_word' id='word_1_219' title='bbox 849 3240 967 3304; x_wconf 88' lang='lat' dir='ltr'><strong>aetatis</strong></span> <span class='ocrx_word' id='word_1_220' title='bbox 991 3260 1067 3303; x_wconf 89' lang='lat' dir='ltr'><strong>suae</strong></span> <span class='ocrx_word' id='word_1_221' title='bbox 1091 3262 1165 3305; x_wconf 91' lang='lat' dir='ltr'><strong>cum</strong></span> 
     </span>
     <span class='ocr_line' id='line_1_34' title="bbox 159 3325 1165 3411; baseline 0.003 -20"><span class='ocrx_word' id='word_1_222' title='bbox 159 3328 273 3410; x_wconf 90' lang='lat' dir='ltr'><strong>primis</strong></span> <span class='ocrx_word' id='word_1_223' title='bbox 289 3331 539 3411; x_wconf 88' lang='lat' dir='ltr'><strong>compararetur,</strong></span> <span class='ocrx_word' id='word_1_224' title='bbox 563 3325 618 3390; x_wconf 93' lang='lat' dir='ltr'><strong>sed</strong></span> <span class='ocrx_word' id='word_1_225' title='bbox 636 3348 677 3390; x_wconf 91' lang='lat' dir='ltr'><strong>ne</strong></span> <span class='ocrx_word' id='word_1_226' title='bbox 695 3326 734 3391; x_wconf 90' lang='lat' dir='ltr'><strong>de</strong></span> <span class='ocrx_word' id='word_1_227' title='bbox 747 3327 926 3392; x_wconf 90' lang='lat' dir='ltr'><strong>maioribus</strong></span> <span class='ocrx_word' id='word_1_228' title='bbox 939 3330 1019 3391; x_wconf 87' lang='lat' dir='ltr'><strong>natu</strong></span> <span class='ocrx_word' id='word_1_229' title='bbox 1034 3327 1165 3411; x_wconf 88' lang='lat' dir='ltr'><strong>quidem</strong></span> 
     </span>
    </p>

    <p class='ocr_par' dir='ltr' id='par_1_6' title="bbox 124 3414 1167 3590">
     <span class='ocr_line' id='line_1_35' title="bbox 124 3414 1167 3499; baseline 0.002 -20"><span class='ocrx_word' id='word_1_230' title='bbox 124 3416 331 3498; x_wconf 79' lang='lat' dir='ltr'><strong>aquisquam</strong></span> <span class='ocrx_word' id='word_1_231' title='bbox 359 3418 618 3499; x_wconf 89' lang='lat' dir='ltr'><strong>anteponeretur.</strong></span> <span class='ocrx_word' id='word_1_232' title='bbox 646 3414 803 3479; x_wconf 84' lang='lat' dir='ltr'><strong>&#39;multum</strong></span> <span class='ocrx_word' id='word_1_233' title='bbox 829 3437 905 3480; x_wconf 84' lang='lat' dir='ltr'><strong>vero</strong></span> <span class='ocrx_word' id='word_1_234' title='bbox 935 3414 969 3478; x_wconf 95' lang='lat' dir='ltr'><strong>in</strong></span> <span class='ocrx_word' id='word_1_235' title='bbox 998 3416 1085 3481; x_wconf 91' lang='lat' dir='ltr'><strong>bello</strong></span> <span class='ocrx_word' id='word_1_236' title='bbox 1114 3420 1167 3482; x_wconf 90' lang='lat' dir='ltr'><strong>est</strong></span> 
     </span>
     <span class='ocr_line' id='line_1_36' title="bbox 160 3501 1166 3590; baseline 0.005 -25"><span class='ocrx_word' id='word_1_237' title='bbox 160 3508 322 3589; x_wconf 85' lang='lat' dir='ltr'><strong>versatus,</strong></span> <span class='ocrx_word' id='word_1_238' title='bbox 355 3525 450 3587; x_wconf 89' lang='lat' dir='ltr'><strong>saepe</strong></span> <span class='ocrx_word' id='word_1_239' title='bbox 478 3501 671 3567; x_wconf 86' lang='lat' dir='ltr'><strong>exercitibus</strong></span> <span class='ocrx_word' id='word_1_240' title='bbox 698 3503 853 3589; x_wconf 81' lang='lat' dir='ltr'><strong>praefuit,</strong></span> <span class='ocrx_word' id='word_1_241' title='bbox 880 3524 1042 3586; x_wconf 89' lang='lat' dir='ltr'><strong>nusquam</strong></span> <span class='ocrx_word' id='word_1_242' title='bbox 1069 3505 1166 3590; x_wconf 88' lang='lat' dir='ltr'><strong>culpa</strong></span> 
     </span>
    </p>
   </div>
   <div class='ocr_carea' id='block_1_6' title="bbox 0 0 1268 4042">
    <p class='ocr_par' dir='ltr' id='par_1_7' title="bbox 0 0 1268 4042">
     <span class='ocr_line' id='line_1_37' title="bbox 0 0 1268 4042; baseline 0 1"><span class='ocrx_word' id='word_1_243' title='bbox 0 0 1268 4042; x_wconf 95' lang='lat' dir='ltr'><strong> </strong></span> 
     </span>
    </p>
   </div>
  </div>
 </body>
</html>
