<?xml version="1.0" encoding="UTF-8"?>
<!DOCTYPE html PUBLIC "-//W3C//DTD XHTML 1.0 Transitional//EN"
    "http://www.w3.org/TR/xhtml1/DTD/xhtml1-transitional.dtd">
<html xmlns="http://www.w3.org/1999/xhtml" xml:lang="en" lang="en">
 <head>
  <title>
</title>
<meta http-equiv="Content-Type" content="text/html;charset=utf-8" />
  <meta name='ocr-system' content='tesseract 3.04.00' />
  <meta name='ocr-capabilities' content='ocr_page ocr_carea ocr_par ocr_line ocrx_word'/>
</head>
<body>
  <div class='ocr_page' id='page_1' title='image "./corneliinepotis01halmgoog_0042.png"; bbox 0 0 2528 4042; ppageno 0'>
   <div class='ocr_carea' id='block_1_1' title="bbox 353 209 1067 278">
    <p class='ocr_par' dir='ltr' id='par_1_1' title="bbox 353 209 1067 278">
     <span class='ocr_line' id='line_1_1' title="bbox 353 209 1067 278; baseline 0.001 -12"><span class='ocrx_word' id='word_1_1' title='bbox 353 210 413 266; x_wconf 86' lang='lat' dir='ltr'><strong>VII.</strong></span> <span class='ocrx_word' id='word_1_2' title='bbox 432 209 651 268; x_wconf 78' lang='lat' dir='ltr'>ALCIBIADES.</span> <span class='ocrx_word' id='word_1_3' title='bbox 680 217 759 267; x_wconf 78' lang='grc'><strong>6-7.</strong></span> <span class='ocrx_word' id='word_1_4' title='bbox 1024 213 1067 278; x_wconf 84' lang='grc'><strong>27</strong></span> 
     </span>
    </p>
   </div>
   <div class='ocr_carea' id='block_1_2' title="bbox 58 355 1150 3346">
    <p class='ocr_par' dir='ltr' id='par_1_2' title="bbox 58 355 1102 1061">
     <span class='ocr_line' id='line_1_2' title="bbox 62 355 1102 441; baseline 0.002 -19"><span class='ocrx_word' id='word_1_5' title='bbox 62 377 147 441; x_wconf 86' lang='lat' dir='ltr'><strong>quae</strong></span> <span class='ocrx_word' id='word_1_6' title='bbox 173 359 286 440; x_wconf 90' lang='lat' dir='ltr'><strong>captae</strong></span> <span class='ocrx_word' id='word_1_7' title='bbox 314 355 349 420; x_wconf 92' lang='lat' dir='ltr'><strong>in</strong></span> <span class='ocrx_word' id='word_1_8' title='bbox 375 355 522 421; x_wconf 90' lang='lat' dir='ltr'><strong>hostium</strong></span> <span class='ocrx_word' id='word_1_9' title='bbox 548 359 702 420; x_wconf 84' lang='lat' dir='ltr'><strong>venerant</strong></span> <span class='ocrx_word' id='word_1_10' title='bbox 728 360 935 440; x_wconf 89' lang='lat' dir='ltr'><strong>potestatem.</strong></span> <span class='ocrx_word' id='word_1_11' title='bbox 980 357 1102 424; x_wconf 84' lang='lat' dir='ltr'><strong>Alci-c</strong></span> 
     </span>
     <span class='ocr_line' id='line_1_3' title="bbox 61 443 1068 530; baseline 0 -20"><span class='ocrx_word' id='word_1_12' title='bbox 61 445 174 510; x_wconf 85' lang='lat' dir='ltr'><strong>biades</strong></span> <span class='ocrx_word' id='word_1_13' title='bbox 192 444 289 509; x_wconf 90' lang='lat' dir='ltr'><strong>simul</strong></span> <span class='ocrx_word' id='word_1_14' title='bbox 304 465 378 508; x_wconf 91' lang='lat' dir='ltr'><strong>cum</strong></span> <span class='ocrx_word' id='word_1_15' title='bbox 393 443 526 530; x_wconf 82' lang='lat' dir='ltr'><strong>collegis</strong></span> <span class='ocrx_word' id='word_1_16' title='bbox 544 446 716 527; x_wconf 80' lang='lat' dir='ltr'><strong>receperat</strong></span> <span class='ocrx_word' id='word_1_17' title='bbox 724 443 859 530; x_wconf 87' lang='lat' dir='ltr'><strong>Ioniam,</strong></span> <span class='ocrx_word' id='word_1_18' title='bbox 877 444 1068 530; x_wconf 87' lang='lat' dir='ltr'><strong>Hellespon·</strong></span> 
     </span>
     <span class='ocr_line' id='line_1_4' title="bbox 61 530 1067 617; baseline 0.001 -19"><span class='ocrx_word' id='word_1_19' title='bbox 61 538 143 617; x_wconf 88' lang='lat' dir='ltr'><strong>tum,</strong></span> <span class='ocrx_word' id='word_1_20' title='bbox 161 533 281 596; x_wconf 88' lang='lat' dir='ltr'><strong>multas</strong></span> <span class='ocrx_word' id='word_1_21' title='bbox 299 535 468 616; x_wconf 85' lang='lat' dir='ltr'><strong>praeterea</strong></span> <span class='ocrx_word' id='word_1_22' title='bbox 485 532 581 596; x_wconf 89' lang='lat' dir='ltr'><strong>urbes</strong></span> <span class='ocrx_word' id='word_1_23' title='bbox 597 530 746 616; x_wconf 84' lang='lat' dir='ltr'><strong>Graecas,</strong></span> <span class='ocrx_word' id='word_1_24' title='bbox 766 555 847 616; x_wconf 91' lang='lat' dir='ltr'><strong>quae</strong></span> <span class='ocrx_word' id='word_1_25' title='bbox 861 533 896 597; x_wconf 90' lang='lat' dir='ltr'><strong>in</strong></span> <span class='ocrx_word' id='word_1_26' title='bbox 910 556 966 598; x_wconf 91' lang='lat' dir='ltr'><strong>ora</strong></span> <span class='ocrx_word' id='word_1_27' title='bbox 984 535 1067 599; x_wconf 89' lang='lat' dir='ltr'><strong>sitae</strong></span> 
     </span>
     <span class='ocr_line' id='line_1_5' title="bbox 60 620 1067 706; baseline 0 -20"><span class='ocrx_word' id='word_1_28' title='bbox 60 625 140 686; x_wconf 91' lang='lat' dir='ltr'><strong>sunt</strong></span> <span class='ocrx_word' id='word_1_29' title='bbox 158 620 342 704; x_wconf 80' lang='lat' dir='ltr'><strong>Thraeciae,</strong></span> <span class='ocrx_word' id='word_1_30' title='bbox 361 641 498 702; x_wconf 90' lang='lat' dir='ltr'><strong>quarum</strong></span> <span class='ocrx_word' id='word_1_31' title='bbox 516 625 740 706; x_wconf 77' lang='lat' dir='ltr'>expugnarant</span> <span class='ocrx_word' id='word_1_32' title='bbox 758 623 950 705; x_wconf 81' lang='lat' dir='ltr'><strong>complures,</strong></span> <span class='ocrx_word' id='word_1_33' title='bbox 967 622 1003 685; x_wconf 94' lang='lat' dir='ltr'><strong>in</strong></span> <span class='ocrx_word' id='word_1_34' title='bbox 1020 622 1067 686; x_wconf 88' lang='lat' dir='ltr'><strong>eis</strong></span> 
     </span>
     <span class='ocr_line' id='line_1_6' title="bbox 58 707 1067 794; baseline -0.002 -19"><span class='ocrx_word' id='word_1_35' title='bbox 58 708 270 794; x_wconf 79' lang='lat' dir='ltr'><strong>Byzantium,</strong></span> <span class='ocrx_word' id='word_1_36' title='bbox 286 729 389 790; x_wconf 91' lang='lat' dir='ltr'><strong>neque</strong></span> <span class='ocrx_word' id='word_1_37' title='bbox 408 707 515 772; x_wconf 88' lang='lat' dir='ltr'><strong>minus</strong></span> <span class='ocrx_word' id='word_1_38' title='bbox 534 709 654 772; x_wconf 88' lang='lat' dir='ltr'><strong>multas</strong></span> <span class='ocrx_word' id='word_1_39' title='bbox 674 709 810 774; x_wconf 89' lang='lat' dir='ltr'><strong>consilio</strong></span> <span class='ocrx_word' id='word_1_40' title='bbox 829 709 870 772; x_wconf 88' lang='lat' dir='ltr'><strong>ad</strong></span> <span class='ocrx_word' id='word_1_41' title='bbox 888 708 1067 774; x_wconf 88' lang='lat' dir='ltr'><strong>amicitiam</strong></span> 
     </span>
     <span class='ocr_line' id='line_1_7' title="bbox 60 795 1102 880; baseline -0.001 -16"><span class='ocrx_word' id='word_1_42' title='bbox 60 799 286 880; x_wconf 85' lang='lat' dir='ltr'><strong>adiunxerant,</strong></span> <span class='ocrx_word' id='word_1_43' title='bbox 303 795 388 880; x_wconf 90' lang='lat' dir='ltr'><strong>quod</strong></span> <span class='ocrx_word' id='word_1_44' title='bbox 406 796 441 860; x_wconf 91' lang='lat' dir='ltr'><strong>in</strong></span> <span class='ocrx_word' id='word_1_45' title='bbox 459 799 572 879; x_wconf 90' lang='lat' dir='ltr'><strong>captos</strong></span> <span class='ocrx_word' id='word_1_46' title='bbox 591 796 763 862; x_wconf 86' lang='lat' dir='ltr'><strong>clementia</strong></span> <span class='ocrx_word' id='word_1_47' title='bbox 781 797 910 862; x_wconf 86' lang='lat' dir='ltr'><strong>fuerant</strong></span> <span class='ocrx_word' id='word_1_48' title='bbox 927 797 987 861; x_wconf 90' lang='lat' dir='ltr'><strong>usi.</strong></span> <span class='ocrx_word' id='word_1_49' title='bbox 1019 797 1068 860; x_wconf 85' lang='lat' dir='ltr'><strong>ita</strong></span> <span class='ocrx_word' id='word_1_50' title='bbox 1086 815 1102 863; x_wconf 79' lang='lat'><strong>‘1</strong></span> 
     </span>
     <span class='ocr_line' id='line_1_8' title="bbox 60 884 1067 971; baseline -0.001 -22"><span class='ocrx_word' id='word_1_51' title='bbox 60 886 186 970; x_wconf 87' lang='lat' dir='ltr'><strong>praeda</strong></span> <span class='ocrx_word' id='word_1_52' title='bbox 196 884 310 968; x_wconf 90' lang='lat' dir='ltr'><strong>onusti,</strong></span> <span class='ocrx_word' id='word_1_53' title='bbox 323 884 522 967; x_wconf 87' lang='lat' dir='ltr'><strong>locupletato</strong></span> <span class='ocrx_word' id='word_1_54' title='bbox 534 885 685 970; x_wconf 85' lang='lat' dir='ltr'><strong>exercitu,</strong></span> <span class='ocrx_word' id='word_1_55' title='bbox 699 885 848 950; x_wconf 88' lang='lat' dir='ltr'><strong>maximis</strong></span> <span class='ocrx_word' id='word_1_56' title='bbox 859 885 955 950; x_wconf 86' lang='lat' dir='ltr'><strong>rebus</strong></span> <span class='ocrx_word' id='word_1_57' title='bbox 965 884 1067 971; x_wconf 84' lang='lat' dir='ltr'><strong>gestis</strong></span> 
     </span>
     <span class='ocr_line' id='line_1_9' title="bbox 64 973 467 1061; baseline -0.007 -23"><span class='ocrx_word' id='word_1_58' title='bbox 64 973 213 1038; x_wconf 75' lang='lat' dir='ltr'><strong>Athenas</strong></span> <span class='ocrx_word' id='word_1_59' title='bbox 235 976 399 1061; x_wconf 70' lang='lat' dir='ltr'><strong>uenerunt</strong></span> <span class='ocrx_word' id='word_1_60' title='bbox 464 987 467 994; x_wconf 85' lang='lat'>·</span> 
     </span>
    </p>

    <p class='ocr_par' dir='ltr' id='par_1_3' title="bbox 59 1059 1150 3346">
     <span class='ocr_line' id='line_1_10' title="bbox 154 1059 1108 1128; baseline 0.003 -4"><span class='ocrx_word' id='word_1_61' title='bbox 154 1060 215 1125; x_wconf 89' lang='lat' dir='ltr'><strong>His</strong></span> <span class='ocrx_word' id='word_1_62' title='bbox 238 1082 311 1126; x_wconf 92' lang='lat' dir='ltr'><strong>cum</strong></span> <span class='ocrx_word' id='word_1_63' title='bbox 335 1059 465 1124; x_wconf 82' lang='lat' dir='ltr'><strong>obviam</strong></span> <span class='ocrx_word' id='word_1_64' title='bbox 487 1059 638 1124; x_wconf 84' lang='lat' dir='ltr'><strong>universa</strong></span> <span class='ocrx_word' id='word_1_65' title='bbox 661 1061 776 1125; x_wconf 84' lang='lat' dir='ltr'><strong>civitas</strong></span> <span class='ocrx_word' id='word_1_66' title='bbox 794 1062 829 1125; x_wconf 91' lang='lat' dir='ltr'><strong>in</strong></span> <span class='ocrx_word' id='word_1_67' title='bbox 846 1061 999 1126; x_wconf 84' lang='lat' dir='ltr'><strong>Piraeum</strong></span> <span class='ocrx_word' id='word_1_68' title='bbox 1017 1061 1068 1126; x_wconf 91' lang='lat' dir='ltr'><strong>de·</strong></span> <span class='ocrx_word' id='word_1_69' title='bbox 1087 1063 1108 1128; x_wconf 87' lang='grc'><strong>6</strong></span> 
     </span>
     <span class='ocr_line' id='line_1_11' title="bbox 63 1146 1068 1233; baseline -0.003 -18"><span class='ocrx_word' id='word_1_70' title='bbox 63 1149 251 1233; x_wconf 89' lang='lat' dir='ltr'><strong>scendisset,</strong></span> <span class='ocrx_word' id='word_1_71' title='bbox 273 1152 367 1212; x_wconf 86' lang='lat' dir='ltr'><strong>tanta</strong></span> <span class='ocrx_word' id='word_1_72' title='bbox 388 1146 453 1212; x_wconf 83' lang='lat' dir='ltr'><strong>fuit</strong></span> <span class='ocrx_word' id='word_1_73' title='bbox 475 1148 620 1212; x_wconf 90' lang='lat' dir='ltr'><strong>omnium</strong></span> <span class='ocrx_word' id='word_1_74' title='bbox 642 1150 842 1232; x_wconf 82' lang='lat' dir='ltr'><strong>exspectatio</strong></span> <span class='ocrx_word' id='word_1_75' title='bbox 865 1150 989 1215; x_wconf 78' lang='lat' dir='ltr'><strong>risendi</strong></span> <span class='ocrx_word' id='word_1_76' title='bbox 1011 1149 1068 1213; x_wconf 87' lang='lat' dir='ltr'><strong>Al·</strong></span> 
     </span>
     <span class='ocr_line' id='line_1_12' title="bbox 60 1235 1068 1322; baseline -0.003 -18"><span class='ocrx_word' id='word_1_77' title='bbox 60 1238 208 1321; x_wconf 89' lang='lat' dir='ltr'><strong>cibiadis,</strong></span> <span class='ocrx_word' id='word_1_78' title='bbox 225 1240 265 1301; x_wconf 88' lang='lat' dir='ltr'><strong>ut</strong></span> <span class='ocrx_word' id='word_1_79' title='bbox 279 1237 319 1300; x_wconf 87' lang='lat' dir='ltr'><strong>ad</strong></span> <span class='ocrx_word' id='word_1_80' title='bbox 333 1236 401 1300; x_wconf 91' lang='lat' dir='ltr'><strong>eius</strong></span> <span class='ocrx_word' id='word_1_81' title='bbox 422 1235 588 1300; x_wconf 79' lang='lat' dir='ltr'><strong>triremem</strong></span> <span class='ocrx_word' id='word_1_82' title='bbox 601 1236 717 1322; x_wconf 84' lang='lat' dir='ltr'><strong>vulgus</strong></span> <span class='ocrx_word' id='word_1_83' title='bbox 732 1237 916 1322; x_wconf 87' lang='lat' dir='ltr'><strong>conflueret,</strong></span> <span class='ocrx_word' id='word_1_84' title='bbox 934 1237 1068 1322; x_wconf 91' lang='lat' dir='ltr'><strong>proinde</strong></span> 
     </span>
     <span class='ocr_line' id='line_1_13' title="bbox 61 1324 1102 1410; baseline 0 -18"><span class='ocrx_word' id='word_1_85' title='bbox 61 1349 100 1392; x_wconf 89' lang='lat' dir='ltr'><strong>ac</strong></span> <span class='ocrx_word' id='word_1_86' title='bbox 124 1326 153 1391; x_wconf 89' lang='lat' dir='ltr'><strong>si</strong></span> <span class='ocrx_word' id='word_1_87' title='bbox 176 1325 265 1390; x_wconf 88' lang='lat' dir='ltr'><strong>solus</strong></span> <span class='ocrx_word' id='word_1_88' title='bbox 290 1324 480 1389; x_wconf 83' lang='lat' dir='ltr'><strong>advenisset.</strong></span> <span class='ocrx_word' id='word_1_89' title='bbox 522 1324 568 1389; x_wconf 88' lang='lat' dir='ltr'><strong>sic</strong></span> <span class='ocrx_word' id='word_1_90' title='bbox 591 1325 678 1390; x_wconf 92' lang='lat' dir='ltr'><strong>enim</strong></span> <span class='ocrx_word' id='word_1_91' title='bbox 700 1326 821 1409; x_wconf 89' lang='lat' dir='ltr'><strong>populo</strong></span> <span class='ocrx_word' id='word_1_92' title='bbox 845 1330 916 1391; x_wconf 89' lang='lat' dir='ltr'><strong>erat</strong></span> <span class='ocrx_word' id='word_1_93' title='bbox 939 1345 1102 1410; x_wconf 83' lang='lat' dir='ltr'><strong>persua-2</strong></span> 
     </span>
     <span class='ocr_line' id='line_1_14' title="bbox 63 1412 1068 1498; baseline -0.001 -18"><span class='ocrx_word' id='word_1_94' title='bbox 63 1437 152 1498; x_wconf 92' lang='lat' dir='ltr'><strong>sum,</strong></span> <span class='ocrx_word' id='word_1_95' title='bbox 182 1417 216 1478; x_wconf 90' lang='lat' dir='ltr'><strong>et</strong></span> <span class='ocrx_word' id='word_1_96' title='bbox 242 1413 393 1477; x_wconf 86' lang='lat' dir='ltr'><strong>adversas</strong></span> <span class='ocrx_word' id='word_1_97' title='bbox 425 1412 606 1495; x_wconf 83' lang='lat' dir='ltr'><strong>superiores</strong></span> <span class='ocrx_word' id='word_1_98' title='bbox 635 1417 669 1477; x_wconf 84' lang='lat' dir='ltr'><strong>et</strong></span> <span class='ocrx_word' id='word_1_99' title='bbox 696 1418 883 1497; x_wconf 79' lang='lat' dir='ltr'><strong>praesentes</strong></span> <span class='ocrx_word' id='word_1_100' title='bbox 912 1414 1068 1479; x_wconf 87' lang='lat' dir='ltr'><strong>secundas</strong></span> 
     </span>
     <span class='ocr_line' id='line_1_15' title="bbox 63 1500 1069 1584; baseline -0.001 -17"><span class='ocrx_word' id='word_1_101' title='bbox 63 1524 118 1567; x_wconf 87' lang='lat' dir='ltr'><strong>res</strong></span> <span class='ocrx_word' id='word_1_102' title='bbox 135 1501 289 1567; x_wconf 87' lang='lat' dir='ltr'><strong>accidisse</strong></span> <span class='ocrx_word' id='word_1_103' title='bbox 308 1501 376 1565; x_wconf 88' lang='lat' dir='ltr'><strong>eius</strong></span> <span class='ocrx_word' id='word_1_104' title='bbox 396 1522 502 1584; x_wconf 89' lang='lat' dir='ltr'><strong>opera.</strong></span> <span class='ocrx_word' id='word_1_105' title='bbox 538 1501 648 1583; x_wconf 89' lang='lat' dir='ltr'><strong>itaque</strong></span> <span class='ocrx_word' id='word_1_106' title='bbox 672 1506 705 1567; x_wconf 89' lang='lat' dir='ltr'><strong>et</strong></span> <span class='ocrx_word' id='word_1_107' title='bbox 723 1503 885 1567; x_wconf 70' lang='lat' dir='ltr'><strong>aeacum</strong></span> <span class='ocrx_word' id='word_1_108' title='bbox 903 1503 938 1567; x_wconf 80' lang='lat' dir='ltr'><strong>iu</strong></span> <span class='ocrx_word' id='word_1_109' title='bbox 957 1500 1069 1568; x_wconf 81' lang='lat' dir='ltr'><strong>Sicilia</strong></span> 
     </span>
     <span class='ocr_line' id='line_1_16' title="bbox 63 1587 1068 1673; baseline -0.003 -17"><span class='ocrx_word' id='word_1_110' title='bbox 63 1590 220 1656; x_wconf 89' lang='lat' dir='ltr'><strong>amissum</strong></span> <span class='ocrx_word' id='word_1_111' title='bbox 247 1592 283 1653; x_wconf 86' lang='lat' dir='ltr'><strong>et</strong></span> <span class='ocrx_word' id='word_1_112' title='bbox 308 1587 635 1653; x_wconf 85' lang='lat' dir='ltr'><strong>Lacedaemoniorum</strong></span> <span class='ocrx_word' id='word_1_113' title='bbox 664 1590 818 1654; x_wconf 82' lang='lat' dir='ltr'><strong>uictorias</strong></span> <span class='ocrx_word' id='word_1_114' title='bbox 849 1590 962 1673; x_wconf 90' lang='lat' dir='ltr'><strong>culpae</strong></span> <span class='ocrx_word' id='word_1_115' title='bbox 992 1611 1068 1655; x_wconf 90' lang='lat' dir='ltr'><strong>suae</strong></span> 
     </span>
     <span class='ocr_line' id='line_1_17' title="bbox 60 1676 1069 1767; baseline -0.006 -22"><span class='ocrx_word' id='word_1_116' title='bbox 60 1679 266 1767; x_wconf 90' lang='lat' dir='ltr'><strong>tribuebant,</strong></span> <span class='ocrx_word' id='word_1_117' title='bbox 296 1676 381 1760; x_wconf 91' lang='lat' dir='ltr'><strong>quod</strong></span> <span class='ocrx_word' id='word_1_118' title='bbox 408 1676 508 1740; x_wconf 87' lang='lat' dir='ltr'><strong>talem</strong></span> <span class='ocrx_word' id='word_1_119' title='bbox 535 1677 640 1741; x_wconf 84' lang='lat' dir='ltr'><strong>virum</strong></span> <span class='ocrx_word' id='word_1_120' title='bbox 664 1699 680 1740; x_wconf 94' lang='lat' dir='ltr'><strong>e</strong></span> <span class='ocrx_word' id='word_1_121' title='bbox 704 1677 836 1741; x_wconf 82' lang='lat' dir='ltr'><strong>civitate</strong></span> <span class='ocrx_word' id='word_1_122' title='bbox 860 1677 1069 1760; x_wconf 79' lang='lat' dir='ltr'><strong>expulissent.</strong></span> 
     </span>
     <span class='ocr_line' id='line_1_18' title="bbox 60 1764 1150 1850; baseline -0.004 -19"><span class='ocrx_word' id='word_1_123' title='bbox 60 1788 168 1850; x_wconf 89' lang='lat' dir='ltr'><strong>neque</strong></span> <span class='ocrx_word' id='word_1_124' title='bbox 189 1766 224 1830; x_wconf 95' lang='lat' dir='ltr'><strong>id</strong></span> <span class='ocrx_word' id='word_1_125' title='bbox 247 1765 315 1830; x_wconf 90' lang='lat' dir='ltr'><strong>sine</strong></span> <span class='ocrx_word' id='word_1_126' title='bbox 338 1786 436 1830; x_wconf 88' lang='lat' dir='ltr'><strong>causa</strong></span> <span class='ocrx_word' id='word_1_127' title='bbox 459 1764 613 1828; x_wconf 88' lang='lat' dir='ltr'><strong>arbitrari</strong></span> <span class='ocrx_word' id='word_1_128' title='bbox 635 1764 835 1828; x_wconf 82' lang='lat' dir='ltr'><strong>videbantur.</strong></span> <span class='ocrx_word' id='word_1_129' title='bbox 879 1786 957 1828; x_wconf 91' lang='lat' dir='ltr'><strong>nam</strong></span> <span class='ocrx_word' id='word_1_130' title='bbox 979 1767 1068 1848; x_wconf 86' lang='lat' dir='ltr'><strong>post·</strong></span> <span class='ocrx_word' id='word_1_131' title='bbox 1149 1842 1150 1846; x_wconf 7' lang='grc' dir='ltr'><strong>Ἰ</strong></span> 
     </span>
     <span class='ocr_line' id='line_1_19' title="bbox 64 1853 1069 1938; baseline -0.004 -19"><span class='ocrx_word' id='word_1_132' title='bbox 64 1875 166 1938; x_wconf 90' lang='lat' dir='ltr'><strong>quam</strong></span> <span class='ocrx_word' id='word_1_133' title='bbox 187 1853 340 1918; x_wconf 84' lang='lat' dir='ltr'><strong>exercitui</strong></span> <span class='ocrx_word' id='word_1_134' title='bbox 362 1873 511 1936; x_wconf 87' lang='lat' dir='ltr'><strong>praeesse</strong></span> <span class='ocrx_word' id='word_1_135' title='bbox 534 1857 697 1936; x_wconf 87' lang='lat' dir='ltr'><strong>coeperat,</strong></span> <span class='ocrx_word' id='word_1_136' title='bbox 724 1873 827 1936; x_wconf 91' lang='lat' dir='ltr'><strong>neque</strong></span> <span class='ocrx_word' id='word_1_137' title='bbox 854 1856 944 1918; x_wconf 87' lang='lat' dir='ltr'><strong>terra</strong></span> <span class='ocrx_word' id='word_1_138' title='bbox 965 1872 1069 1935; x_wconf 90' lang='lat' dir='ltr'><strong>neque</strong></span> 
     </span>
     <span class='ocr_line' id='line_1_20' title="bbox 66 1940 1104 2026; baseline 0.002 -20"><span class='ocrx_word' id='word_1_139' title='bbox 66 1941 151 2006; x_wconf 87' lang='lat' dir='ltr'><strong>mari</strong></span> <span class='ocrx_word' id='word_1_140' title='bbox 168 1940 277 2006; x_wconf 87' lang='lat' dir='ltr'><strong>hostes</strong></span> <span class='ocrx_word' id='word_1_141' title='bbox 296 1962 390 2024; x_wconf 91' lang='lat' dir='ltr'><strong>pares</strong></span> <span class='ocrx_word' id='word_1_142' title='bbox 409 1962 480 2005; x_wconf 88' lang='lat' dir='ltr'><strong>esse</strong></span> <span class='ocrx_word' id='word_1_143' title='bbox 498 1945 680 2024; x_wconf 86' lang='lat' dir='ltr'><strong>potuerant.</strong></span> <span class='ocrx_word' id='word_1_144' title='bbox 706 1941 763 2006; x_wconf 89' lang='lat' dir='ltr'><strong>hic</strong></span> <span class='ocrx_word' id='word_1_145' title='bbox 781 1945 819 2005; x_wconf 90' lang='lat' dir='ltr'><strong>ut</strong></span> <span class='ocrx_word' id='word_1_146' title='bbox 837 1963 855 2005; x_wconf 90' lang='lat' dir='ltr'><strong>e</strong></span> <span class='ocrx_word' id='word_1_147' title='bbox 872 1940 947 2007; x_wconf 80' lang='lat' dir='ltr'><strong>nari</strong></span> <span class='ocrx_word' id='word_1_148' title='bbox 966 1961 1070 2026; x_wconf 82' lang='lat' dir='ltr'><strong>egres·</strong></span> <span class='ocrx_word' id='word_1_149' title='bbox 1088 1959 1104 2008; x_wconf 88' lang='lat'><strong>3</strong></span> 
     </span>
     <span class='ocr_line' id='line_1_21' title="bbox 65 2028 1070 2115; baseline -0.002 -20"><span class='ocrx_word' id='word_1_150' title='bbox 65 2051 123 2095; x_wconf 89' lang='lat' dir='ltr'><strong>sus</strong></span> <span class='ocrx_word' id='word_1_151' title='bbox 141 2032 199 2114; x_wconf 88' lang='lat' dir='ltr'><strong>est,</strong></span> <span class='ocrx_word' id='word_1_152' title='bbox 217 2051 413 2114; x_wconf 89' lang='lat' dir='ltr'><strong>quamquam</strong></span> <span class='ocrx_word' id='word_1_153' title='bbox 427 2028 641 2094; x_wconf 82' lang='lat' dir='ltr'><strong>Theramenes</strong></span> <span class='ocrx_word' id='word_1_154' title='bbox 661 2033 695 2094; x_wconf 88' lang='lat' dir='ltr'><strong>et</strong></span> <span class='ocrx_word' id='word_1_155' title='bbox 707 2028 930 2115; x_wconf 83' lang='lat' dir='ltr'><strong>Thrasybulus</strong></span> <span class='ocrx_word' id='word_1_156' title='bbox 949 2029 1070 2094; x_wconf 89' lang='lat' dir='ltr'><strong>eisdem</strong></span> 
     </span>
     <span class='ocr_line' id='line_1_22' title="bbox 62 2116 1143 2201; baseline -0.002 -18"><span class='ocrx_word' id='word_1_157' title='bbox 62 2118 162 2183; x_wconf 89' lang='lat' dir='ltr'><strong>rebus</strong></span> <span class='ocrx_word' id='word_1_158' title='bbox 176 2116 384 2201; x_wconf 87' lang='lat' dir='ltr'><strong>praefuerant</strong></span> <span class='ocrx_word' id='word_1_159' title='bbox 398 2117 557 2200; x_wconf 90' lang='lat' dir='ltr'><strong>simulque</strong></span> <span class='ocrx_word' id='word_1_160' title='bbox 571 2122 726 2182; x_wconf 79' lang='lat' dir='ltr'><strong>venerant</strong></span> <span class='ocrx_word' id='word_1_161' title='bbox 740 2118 774 2182; x_wconf 91' lang='lat' dir='ltr'><strong>in</strong></span> <span class='ocrx_word' id='word_1_162' title='bbox 787 2117 947 2201; x_wconf 86' lang='lat' dir='ltr'><strong>Piraeum,</strong></span> <span class='ocrx_word' id='word_1_163' title='bbox 961 2122 1068 2182; x_wconf 88' lang='lat' dir='ltr'><strong>tamen</strong></span> <span class='ocrx_word' id='word_1_164' title='bbox 1138 2176 1143 2188; x_wconf 86' lang='grc'>,</span> 
     </span>
     <span class='ocr_line' id='line_1_23' title="bbox 61 2199 1071 2290; baseline -0.002 -18"><span class='ocrx_word' id='word_1_165' title='bbox 61 2228 165 2272; x_wconf 89' lang='lat' dir='ltr'><strong>unum</strong></span> <span class='ocrx_word' id='word_1_166' title='bbox 184 2227 296 2270; x_wconf 91' lang='lat' dir='ltr'><strong>omnes</strong></span> <span class='ocrx_word' id='word_1_167' title='bbox 318 2199 412 2269; x_wconf 87' lang='lat' dir='ltr'><strong>illum</strong></span> <span class='ocrx_word' id='word_1_168' title='bbox 433 2206 721 2289; x_wconf 89' lang='lat' dir='ltr'><strong>prosequebantur,</strong></span> <span class='ocrx_word' id='word_1_169' title='bbox 748 2209 790 2290; x_wconf 93' lang='lat' dir='ltr'><strong>et,</strong></span> <span class='ocrx_word' id='word_1_170' title='bbox 813 2207 846 2270; x_wconf 93' lang='lat' dir='ltr'><strong>id</strong></span> <span class='ocrx_word' id='word_1_171' title='bbox 873 2205 959 2289; x_wconf 94' lang='lat' dir='ltr'><strong>quod</strong></span> <span class='ocrx_word' id='word_1_172' title='bbox 980 2227 1071 2270; x_wconf 90' lang='lat' dir='ltr'><strong>num·</strong></span> 
     </span>
     <span class='ocr_line' id='line_1_24' title="bbox 61 2292 1071 2379; baseline -0.002 -20"><span class='ocrx_word' id='word_1_173' title='bbox 61 2315 164 2379; x_wconf 88' lang='lat' dir='ltr'><strong>quam</strong></span> <span class='ocrx_word' id='word_1_174' title='bbox 187 2299 282 2358; x_wconf 87' lang='lat' dir='ltr'><strong>antea</strong></span> <span class='ocrx_word' id='word_1_175' title='bbox 303 2315 365 2358; x_wconf 91' lang='lat' dir='ltr'><strong>usu</strong></span> <span class='ocrx_word' id='word_1_176' title='bbox 387 2298 520 2357; x_wconf 86' lang='lat' dir='ltr'><strong>venerat</strong></span> <span class='ocrx_word' id='word_1_177' title='bbox 537 2294 601 2357; x_wconf 93' lang='lat' dir='ltr'><strong>nisi</strong></span> <span class='ocrx_word' id='word_1_178' title='bbox 620 2292 789 2376; x_wconf 84' lang='lat' dir='ltr'><strong>Olympiae</strong></span> <span class='ocrx_word' id='word_1_179' title='bbox 809 2293 998 2375; x_wconf 69' lang='lat' dir='ltr'><strong>victoribus</strong></span> <span class='ocrx_word' id='word_1_180' title='bbox 1021 2314 1071 2357; x_wconf 94' lang='lat' dir='ltr'><strong>co·</strong></span> 
     </span>
     <span class='ocr_line' id='line_1_25' title="bbox 62 2380 1070 2466; baseline -0.002 -20"><span class='ocrx_word' id='word_1_181' title='bbox 62 2383 154 2447; x_wconf 89' lang='lat' dir='ltr'><strong>runis</strong></span> <span class='ocrx_word' id='word_1_182' title='bbox 168 2381 287 2447; x_wconf 90' lang='lat' dir='ltr'><strong>laureis</strong></span> <span class='ocrx_word' id='word_1_183' title='bbox 301 2381 481 2464; x_wconf 86' lang='lat' dir='ltr'><strong>taeniisque</strong></span> <span class='ocrx_word' id='word_1_184' title='bbox 495 2382 592 2466; x_wconf 78' lang='lat' dir='ltr'><strong>uulgo</strong></span> <span class='ocrx_word' id='word_1_185' title='bbox 606 2381 796 2445; x_wconf 89' lang='lat' dir='ltr'><strong>donabatur.</strong></span> <span class='ocrx_word' id='word_1_186' title='bbox 820 2380 876 2443; x_wconf 93' lang='lat' dir='ltr'><strong>ille</strong></span> <span class='ocrx_word' id='word_1_187' title='bbox 897 2380 1070 2444; x_wconf 88' lang='lat' dir='ltr'><strong>lacrimans</strong></span> 
     </span>
     <span class='ocr_line' id='line_1_26' title="bbox 64 2467 1071 2552; baseline -0.003 -19"><span class='ocrx_word' id='word_1_188' title='bbox 64 2470 165 2534; x_wconf 83' lang='lat' dir='ltr'><strong>talem</strong></span> <span class='ocrx_word' id='word_1_189' title='bbox 188 2469 442 2535; x_wconf 86' lang='lat' dir='ltr'><strong>benivolentiam</strong></span> <span class='ocrx_word' id='word_1_190' title='bbox 465 2468 584 2534; x_wconf 87' lang='lat' dir='ltr'><strong>civium</strong></span> <span class='ocrx_word' id='word_1_191' title='bbox 607 2490 739 2533; x_wconf 87' lang='lat' dir='ltr'><strong>suorum</strong></span> <span class='ocrx_word' id='word_1_192' title='bbox 762 2468 955 2552; x_wconf 85' lang='lat' dir='ltr'><strong>accipiebat,</strong></span> <span class='ocrx_word' id='word_1_193' title='bbox 977 2467 1071 2531; x_wconf 90' lang='lat' dir='ltr'><strong>remi·</strong></span> 
     </span>
     <span class='ocr_line' id='line_1_27' title="bbox 64 2557 1106 2642; baseline 0 -20"><span class='ocrx_word' id='word_1_194' title='bbox 64 2557 193 2623; x_wconf 88' lang='lat' dir='ltr'><strong>nisccus</strong></span> <span class='ocrx_word' id='word_1_195' title='bbox 220 2557 352 2642; x_wconf 89' lang='lat' dir='ltr'><strong>pristini</strong></span> <span class='ocrx_word' id='word_1_196' title='bbox 379 2557 535 2641; x_wconf 89' lang='lat' dir='ltr'><strong>temporis</strong></span> <span class='ocrx_word' id='word_1_197' title='bbox 566 2557 787 2621; x_wconf 86' lang='lat' dir='ltr'><strong>acerbitatem</strong></span> <span class='ocrx_word' id='word_1_198' title='bbox 831 2560 1007 2640; x_wconf 90' lang='lat' dir='ltr'><strong>postquam</strong></span> <span class='ocrx_word' id='word_1_199' title='bbox 1036 2557 1106 2622; x_wconf 74' lang='lat' dir='ltr'><strong>lun</strong></span> 
     </span>
     <span class='ocr_line' id='line_1_28' title="bbox 65 2643 1071 2730; baseline -0.001 -21"><span class='ocrx_word' id='word_1_200' title='bbox 65 2649 142 2727; x_wconf 89' lang='lat' dir='ltr'><strong>astu</strong></span> <span class='ocrx_word' id='word_1_201' title='bbox 162 2645 260 2730; x_wconf 79' lang='lat' dir='ltr'><strong>veuit,</strong></span> <span class='ocrx_word' id='word_1_202' title='bbox 283 2645 433 2712; x_wconf 88' lang='lat' dir='ltr'><strong>contione</strong></span> <span class='ocrx_word' id='word_1_203' title='bbox 457 2646 612 2709; x_wconf 86' lang='lat' dir='ltr'><strong>advocata</strong></span> <span class='ocrx_word' id='word_1_204' title='bbox 631 2645 677 2709; x_wconf 91' lang='lat' dir='ltr'><strong>sic</strong></span> <span class='ocrx_word' id='word_1_205' title='bbox 695 2644 794 2708; x_wconf 86' lang='lat' dir='ltr'><strong>verba</strong></span> <span class='ocrx_word' id='word_1_206' title='bbox 811 2643 898 2728; x_wconf 87' lang='lat' dir='ltr'><strong>fecit,</strong></span> <span class='ocrx_word' id='word_1_207' title='bbox 920 2648 959 2709; x_wconf 94' lang='lat' dir='ltr'><strong>ut</strong></span> <span class='ocrx_word' id='word_1_208' title='bbox 975 2665 1071 2708; x_wconf 87' lang='lat' dir='ltr'><strong>nemo</strong></span> 
     </span>
     <span class='ocr_line' id='line_1_29' title="bbox 65 2732 1072 2818; baseline 0 -21"><span class='ocrx_word' id='word_1_209' title='bbox 65 2737 137 2797; x_wconf 90' lang='lat' dir='ltr'><strong>tam</strong></span> <span class='ocrx_word' id='word_1_210' title='bbox 162 2732 249 2798; x_wconf 85' lang='lat' dir='ltr'><strong>ferus</strong></span> <span class='ocrx_word' id='word_1_211' title='bbox 275 2733 388 2818; x_wconf 83' lang='lat' dir='ltr'><strong>fuerit,</strong></span> <span class='ocrx_word' id='word_1_212' title='bbox 415 2733 494 2817; x_wconf 88' lang='lat' dir='ltr'><strong>quin</strong></span> <span class='ocrx_word' id='word_1_213' title='bbox 520 2733 589 2797; x_wconf 93' lang='lat' dir='ltr'><strong>eius</strong></span> <span class='ocrx_word' id='word_1_214' title='bbox 617 2733 705 2798; x_wconf 88' lang='lat' dir='ltr'><strong>casui</strong></span> <span class='ocrx_word' id='word_1_215' title='bbox 736 2732 941 2797; x_wconf 88' lang='lat' dir='ltr'><strong>illacrimarit</strong></span> <span class='ocrx_word' id='word_1_216' title='bbox 966 2732 1072 2797; x_wconf 89' lang='lat' dir='ltr'><strong>inimi·</strong></span> 
     </span>
     <span class='ocr_line' id='line_1_30' title="bbox 65 2820 1070 2905; baseline -0.001 -20"><span class='ocrx_word' id='word_1_217' title='bbox 65 2841 203 2905; x_wconf 90' lang='lat' dir='ltr'><strong>cumque</strong></span> <span class='ocrx_word' id='word_1_218' title='bbox 225 2822 267 2886; x_wconf 93' lang='lat' dir='ltr'><strong>iis</strong></span> <span class='ocrx_word' id='word_1_219' title='bbox 290 2843 324 2886; x_wconf 92' lang='lat' dir='ltr'><strong>se</strong></span> <span class='ocrx_word' id='word_1_220' title='bbox 348 2821 535 2905; x_wconf 86' lang='lat' dir='ltr'><strong>ostenderit,</strong></span> <span class='ocrx_word' id='word_1_221' title='bbox 558 2842 696 2905; x_wconf 88' lang='lat' dir='ltr'><strong>quorum</strong></span> <span class='ocrx_word' id='word_1_222' title='bbox 717 2842 815 2905; x_wconf 87' lang='lat' dir='ltr'><strong>opera</strong></span> <span class='ocrx_word' id='word_1_223' title='bbox 832 2820 940 2905; x_wconf 88' lang='lat' dir='ltr'><strong>patria</strong></span> <span class='ocrx_word' id='word_1_224' title='bbox 957 2821 1070 2903; x_wconf 89' lang='lat' dir='ltr'><strong>pulsus</strong></span> 
     </span>
     <span class='ocr_line' id='line_1_31' title="bbox 61 2907 1071 2994; baseline -0.004 -20"><span class='ocrx_word' id='word_1_225' title='bbox 61 2908 180 2993; x_wconf 80' lang='lat' dir='ltr'><strong>fuerat,</strong></span> <span class='ocrx_word' id='word_1_226' title='bbox 202 2910 337 2994; x_wconf 91' lang='lat' dir='ltr'><strong>proinde</strong></span> <span class='ocrx_word' id='word_1_227' title='bbox 360 2932 397 2975; x_wconf 88' lang='lat' dir='ltr'><strong>ac</strong></span> <span class='ocrx_word' id='word_1_228' title='bbox 420 2910 449 2975; x_wconf 90' lang='lat' dir='ltr'><strong>si</strong></span> <span class='ocrx_word' id='word_1_229' title='bbox 472 2909 555 2973; x_wconf 88' lang='lat' dir='ltr'><strong>alius</strong></span> <span class='ocrx_word' id='word_1_230' title='bbox 577 2909 734 2993; x_wconf 88' lang='lat' dir='ltr'><strong>populus,</strong></span> <span class='ocrx_word' id='word_1_231' title='bbox 755 2931 822 2974; x_wconf 92' lang='lat' dir='ltr'><strong>non</strong></span> <span class='ocrx_word' id='word_1_232' title='bbox 844 2909 899 2972; x_wconf 94' lang='lat' dir='ltr'><strong>ille</strong></span> <span class='ocrx_word' id='word_1_233' title='bbox 922 2907 992 2991; x_wconf 88' lang='lat' dir='ltr'><strong>ipse</strong></span> <span class='ocrx_word' id='word_1_234' title='bbox 1016 2907 1071 2990; x_wconf 92' lang='lat' dir='ltr'><strong>qui</strong></span> 
     </span>
     <span class='ocr_line' id='line_1_32' title="bbox 60 2995 1107 3083; baseline -0.001 -21"><span class='ocrx_word' id='word_1_235' title='bbox 60 3002 136 3062; x_wconf 90' lang='lat' dir='ltr'><strong>tum</strong></span> <span class='ocrx_word' id='word_1_236' title='bbox 158 2997 274 3082; x_wconf 89' lang='lat' dir='ltr'><strong>fiebat,</strong></span> <span class='ocrx_word' id='word_1_237' title='bbox 296 3019 370 3063; x_wconf 89' lang='lat' dir='ltr'><strong>eum</strong></span> <span class='ocrx_word' id='word_1_238' title='bbox 393 2996 555 3083; x_wconf 85' lang='lat' dir='ltr'><strong>sacrilegii</strong></span> <span class='ocrx_word' id='word_1_239' title='bbox 578 2997 771 3061; x_wconf 89' lang='lat' dir='ltr'><strong>damnasset.</strong></span> <span class='ocrx_word' id='word_1_240' title='bbox 816 2995 970 3061; x_wconf 88' lang='lat' dir='ltr'><strong>restituta</strong></span> <span class='ocrx_word' id='word_1_241' title='bbox 993 3012 1107 3079; x_wconf 81' lang='lat' dir='ltr'><strong>ergoc</strong></span> 
     </span>
     <span class='ocr_line' id='line_1_33' title="bbox 59 3082 1071 3169; baseline -0.003 -19"><span class='ocrx_word' id='word_1_242' title='bbox 59 3085 141 3151; x_wconf 91' lang='lat' dir='ltr'><strong>huic</strong></span> <span class='ocrx_word' id='word_1_243' title='bbox 173 3090 251 3150; x_wconf 90' lang='lat' dir='ltr'><strong>sunt</strong></span> <span class='ocrx_word' id='word_1_244' title='bbox 281 3086 410 3169; x_wconf 91' lang='lat' dir='ltr'><strong>publice</strong></span> <span class='ocrx_word' id='word_1_245' title='bbox 442 3087 541 3169; x_wconf 92' lang='lat' dir='ltr'><strong>boua,</strong></span> <span class='ocrx_word' id='word_1_246' title='bbox 577 3086 744 3168; x_wconf 89' lang='lat' dir='ltr'><strong>eidemque</strong></span> <span class='ocrx_word' id='word_1_247' title='bbox 775 3085 825 3148; x_wconf 89' lang='lat' dir='ltr'><strong>illi</strong></span> <span class='ocrx_word' id='word_1_248' title='bbox 856 3082 1071 3166; x_wconf 83' lang='lat' dir='ltr'><strong>Eumolpidae</strong></span> 
     </span>
     <span class='ocr_line' id='line_1_34' title="bbox 61 3170 1072 3257; baseline -0.004 -19"><span class='ocrx_word' id='word_1_249' title='bbox 61 3173 250 3239; x_wconf 87' lang='lat' dir='ltr'><strong>sacerdotes</strong></span> <span class='ocrx_word' id='word_1_250' title='bbox 273 3195 384 3238; x_wconf 79' lang='lat' dir='ltr'><strong>rursm</strong></span> <span class='ocrx_word' id='word_1_251' title='bbox 407 3194 570 3239; x_wconf 91' lang='lat' dir='ltr'><strong>resacrare</strong></span> <span class='ocrx_word' id='word_1_252' title='bbox 594 3177 670 3237; x_wconf 85' lang='lat' dir='ltr'><strong>sunt</strong></span> <span class='ocrx_word' id='word_1_253' title='bbox 694 3173 812 3257; x_wconf 90' lang='lat' dir='ltr'><strong>coacti,</strong></span> <span class='ocrx_word' id='word_1_254' title='bbox 840 3172 896 3256; x_wconf 89' lang='lat' dir='ltr'><strong>qui</strong></span> <span class='ocrx_word' id='word_1_255' title='bbox 924 3191 998 3235; x_wconf 92' lang='lat' dir='ltr'><strong>eum</strong></span> <span class='ocrx_word' id='word_1_256' title='bbox 1020 3170 1072 3234; x_wconf 78' lang='lat' dir='ltr'><strong>de</strong></span> 
     </span>
     <span class='ocr_line' id='line_1_35' title="bbox 60 3258 1072 3346; baseline -0.006 -20"><span class='ocrx_word' id='word_1_257' title='bbox 60 3265 231 3346; x_wconf 85' lang='lat' dir='ltr'><strong>voverant,</strong></span> <span class='ocrx_word' id='word_1_258' title='bbox 244 3262 393 3346; x_wconf 90' lang='lat' dir='ltr'><strong>pilaeque</strong></span> <span class='ocrx_word' id='word_1_259' title='bbox 406 3261 492 3344; x_wconf 90' lang='lat' dir='ltr'><strong>illae,</strong></span> <span class='ocrx_word' id='word_1_260' title='bbox 505 3262 540 3326; x_wconf 91' lang='lat' dir='ltr'><strong>iu</strong></span> <span class='ocrx_word' id='word_1_261' title='bbox 554 3261 671 3345; x_wconf 88' lang='lat' dir='ltr'><strong>quibus</strong></span> <span class='ocrx_word' id='word_1_262' title='bbox 681 3260 810 3325; x_wconf 81' lang='lat' dir='ltr'><strong>devotio</strong></span> <span class='ocrx_word' id='word_1_263' title='bbox 824 3259 931 3324; x_wconf 87' lang='lat' dir='ltr'><strong>fuerat</strong></span> <span class='ocrx_word' id='word_1_264' title='bbox 941 3258 1072 3343; x_wconf 88' lang='lat' dir='ltr'><strong>scripta,</strong></span> 
     </span>
    </p>
   </div>
   <div class='ocr_carea' id='block_1_3' title="bbox 60 3348 1110 3504">
    <p class='ocr_par' dir='ltr' id='par_1_4' title="bbox 60 3348 1110 3504">
     <span class='ocr_line' id='line_1_36' title="bbox 60 3348 941 3450; baseline -0.003 -36"><span class='ocrx_word' id='word_1_265' title='bbox 60 3348 98 3414; x_wconf 91' lang='lat' dir='ltr'><strong>in</strong></span> <span class='ocrx_word' id='word_1_266' title='bbox 121 3370 212 3413; x_wconf 89' lang='lat' dir='ltr'><strong>mare</strong></span> <span class='ocrx_word' id='word_1_267' title='bbox 234 3349 476 3450; x_wconf 77' lang='lat' dir='ltr'><strong>praecipitatae.</strong></span> <span class='ocrx_word' id='word_1_268' title='bbox 526 3437 560 3450; x_wconf 90' lang='lat'><strong>..</strong></span> <span class='ocrx_word' id='word_1_269' title='bbox 726 3437 732 3449; x_wconf 94' lang='lat'>.</span> <span class='ocrx_word' id='word_1_270' title='bbox 772 3435 778 3449; x_wconf 94' lang='lat'>.</span> <span class='ocrx_word' id='word_1_271' title='bbox 863 3435 870 3447; x_wconf 90' lang='lat'><strong>.</strong></span> <span class='ocrx_word' id='word_1_272' title='bbox 939 3436 941 3441; x_wconf 17' lang='grc' dir='ltr'>ι</span> 
     </span>
     <span class='ocr_line' id='line_1_37' title="bbox 153 3434 1110 3504; baseline -0.005 -1"><span class='ocrx_word' id='word_1_273' title='bbox 153 3436 244 3503; x_wconf 88' lang='lat' dir='ltr'><strong>Haec</strong></span> <span class='ocrx_word' id='word_1_274' title='bbox 266 3436 429 3504; x_wconf 82' lang='lat' dir='ltr'><strong>Alcrbradr</strong></span> <span class='ocrx_word' id='word_1_275' title='bbox 456 3437 584 3501; x_wconf 81' lang='lat' dir='ltr'><strong>laetrtra</strong></span> <span class='ocrx_word' id='word_1_276' title='bbox 609 3458 674 3502; x_wconf 92' lang='lat' dir='ltr'><strong>non</strong></span> <span class='ocrx_word' id='word_1_277' title='bbox 701 3457 798 3501; x_wconf 86' lang='lat' dir='ltr'><strong>mmrs</strong></span> <span class='ocrx_word' id='word_1_278' title='bbox 824 3434 889 3500; x_wconf 81' lang='lat' dir='ltr'><strong>furt</strong></span> <span class='ocrx_word' id='word_1_279' title='bbox 911 3436 1110 3499; x_wconf 76' lang='lat' dir='ltr'><strong>druturna.7</strong></span> 
     </span>
    </p>
   </div>
   <div class='ocr_carea' id='block_1_4' title="bbox 60 3510 1072 3607">
    <p class='ocr_par' dir='ltr' id='par_1_5' title="bbox 60 3510 1072 3607">
     <span class='ocr_line' id='line_1_38' title="bbox 60 3510 1072 3607; baseline -0.003 -17"><span class='ocrx_word' id='word_1_280' title='bbox 60 3510 142 3590; x_wconf 78' lang='lat' dir='ltr'><strong>nain</strong></span> <span class='ocrx_word' id='word_1_281' title='bbox 165 3547 240 3590; x_wconf 85' lang='lat' dir='ltr'><strong>curn</strong></span> <span class='ocrx_word' id='word_1_282' title='bbox 261 3526 292 3590; x_wconf 91' lang='lat' dir='ltr'><strong>ci</strong></span> <span class='ocrx_word' id='word_1_283' title='bbox 311 3547 423 3591; x_wconf 91' lang='lat' dir='ltr'><strong>omnes</strong></span> <span class='ocrx_word' id='word_1_284' title='bbox 442 3527 550 3589; x_wconf 90' lang='lat' dir='ltr'><strong>essent</strong></span> <span class='ocrx_word' id='word_1_285' title='bbox 567 3525 707 3589; x_wconf 86' lang='lat' dir='ltr'><strong>honores</strong></span> <span class='ocrx_word' id='word_1_286' title='bbox 726 3524 846 3589; x_wconf 91' lang='lat' dir='ltr'><strong>decreti</strong></span> <span class='ocrx_word' id='word_1_287' title='bbox 865 3525 999 3607; x_wconf 88' lang='lat' dir='ltr'><strong>totaque</strong></span> <span class='ocrx_word' id='word_1_288' title='bbox 1020 3544 1072 3588; x_wconf 90' lang='lat' dir='ltr'><strong>res</strong></span> 
     </span>
    </p>
   </div>
   <div class='ocr_carea' id='block_1_5' title="bbox 0 0 1269 4042">
    <p class='ocr_par' dir='ltr' id='par_1_6' title="bbox 0 0 1269 4042">
     <span class='ocr_line' id='line_1_39' title="bbox 0 0 1269 4042; baseline 0 0"><span class='ocrx_word' id='word_1_289' title='bbox 0 0 1269 4042; x_wconf 95' lang='lat' dir='ltr'><strong> </strong></span> 
     </span>
    </p>
   </div>
  </div>
 </body>
</html>
