2528 4042
160 170 223 234 112
459 168 546 223 XXV.
565 167 729 224 sununs.
757 175 800 226 20.
819 175 862 226 21.

159 316 238 399 quin
259 313 373 380 Attico
395 313 567 398 scriberet,
593 313 671 398 quid
698 318 824 399 ageret,
849 313 996 398 inprimis
1020 313 1100 396 quid
1121 313 1161 376 le

160 407 253 490 geret
275 403 458 487 quibusque
480 401 516 466 in
536 402 618 467 locis
640 405 675 467 et
693 402 848 485 quamdiu
865 406 952 466 esset
967 406 1162 485 moraturus,

125 507 143 556 r
161 492 218 557 sed
241 492 353 576 etiam,
375 512 448 556 cum
471 494 558 555 esset
574 490 610 555 in
626 490 706 554 urbe
724 494 758 554 et
774 493 909 574 propter
926 489 1069 553 infinitas
1089 509 1161 553 suas

161 580 391 664 occupationes
413 579 519 643 minus
542 599 645 660 saepe,
668 598 765 660 quam
783 578 890 661 vellet,
910 575 1022 642 Attico
1044 576 1163 641 fruere

161 673 231 752 tur,
256 669 366 734 nullus
388 668 457 732 dies
479 671 597 729 temere
624 664 822 749 intercessit,
850 685 914 748 quo
937 686 1004 730 non
1027 665 1068 728 ad
1091 686 1163 729 eum

163 758 330 841 scriberet,
353 778 425 822 cum
446 752 541 817 modo
563 750 686 832 aliquid
708 751 747 815 de
771 752 968 835 antiquitate
991 753 1033 817 ab
1057 773 1097 817 eo
1119 773 1163 816 re

165 848 317 930 quireret,
339 843 433 908 modo
454 839 596 921 aliquam
620 838 844 921 quaestionem
861 841 1025 923 poeticam
1044 841 1075 906 ei
1093 861 1164 924 pro

163 939 316 1020 poneret,
350 927 509 993 interdum
544 925 655 990 iocans
692 927 761 992 eius
793 928 997 993 verbosiores
1034 928 1165 994 eliceret

129 1022 329 1108 aepistulas
364 1037 402 1078 ex
425 1034 488 1096 quo
511 1013 638 1099 eccidit,
662 1035 736 1080 cum
759 1016 846 1081 aedis
864 1014 952 1081 Iovis
970 1014 1113 1081 Feretrii
1130 1017 1165 1081 in

165 1107 338 1192 Capitolio,
364 1102 405 1166 ab
427 1100 567 1165 Romulo
590 1104 783 1187 constituta,
811 1107 974 1169 vetustate
998 1108 1095 1189 atque
1118 1104 1164 1169 in·

164 1196 254 1262 curia
274 1194 399 1258 detecta
421 1188 655 1276 prolaberetur,
679 1195 717 1255 ut
734 1191 839 1258 Attici
858 1192 1027 1258 admonitu
1044 1190 1162 1259 Caesar

128 1305 234 1355 ream
260 1277 463 1346 reficiendam
491 1282 626 1342 curaret.
670 1300 774 1363 neque
801 1302 877 1346 vero
906 1303 925 1346 a
953 1279 996 1344 M.
1019 1279 1160 1345 Antonio

163 1372 268 1437 miuus
290 1367 406 1431 absens
432 1364 552 1429 litteris
576 1366 751 1451 colebatur,
774 1368 854 1433 adeo
876 1371 915 1433 ut
936 1372 1088 1433 accurate
1109 1367 1164 1431 ille

163 1481 201 1522 ex
221 1453 345 1519 ultimis
369 1453 475 1537 terris,
498 1453 575 1536 quid
598 1457 717 1538 ageret,
740 1474 835 1518 curae
858 1456 922 1521 sibi
944 1456 1082 1520 haberet
1102 1476 1166 1521 cer·

128 1547 278 1612 ttiorem
299 1540 406 1605 fucere
429 1539 586 1605 Atticum.
624 1541 687 1606 hoc
709 1542 804 1626 quale
828 1543 881 1628 sit,
903 1542 1031 1607 facilius
1055 1543 1167 1629 existe

162 1632 264 1698 mabit
285 1629 330 1713 is,
354 1630 410 1713 qui
432 1629 574 1694 iudicare
596 1630 732 1714 poterit,
755 1634 894 1713 quantae
917 1630 962 1694 sit
984 1629 1167 1713 sapientiae

162 1739 271 1786 eorum
304 1719 443 1783 retinere
474 1739 569 1782 usum
601 1718 932 1803 benivolentiamque,
963 1717 1050 1782 inter
1083 1740 1167 1803 quos

161 1806 374 1872 maximarum
409 1828 517 1871 rerum
551 1827 618 1871 non
652 1807 758 1871 solum
793 1806 986 1891 aemulatio,
1022 1805 1078 1871 sed
1113 1807 1167 1871 ob

160 1894 313 1960 trectatio
340 1898 433 1959 tanta
460 1894 694 1979 intercedebat,
723 1899 878 1978 quantam
905 1894 968 1959 fuit
996 1893 1165 1977 [incidere]

160 2003 289 2047 necesse
312 1983 398 2046 inter
417 1981 588 2047 Caesarem
607 1986 704 2064 etque
722 1981 911 2068 Antonium,
935 2004 1008 2047 cum
1027 2003 1061 2046 se
1079 1987 1167 2048 uter·

162 2091 223 2154 que
245 2070 424 2153 principem
445 2090 512 2132 non
530 2068 635 2133 solum
653 2070 744 2133 urbis
763 2069 895 2155 Romae,
919 2071 975 2135 sed
994 2071 1083 2134 orbis
1103 2075 1166 2135 ter-

161 2179 270 2222 rarum
293 2178 363 2221 esse
387 2160 526 2240 cuperet.

109 2248 149 2315 21
247 2245 320 2310 Tali
338 2245 434 2310 modo
453 2266 526 2309 cum
545 2248 669 2328 septem
687 2249 721 2310 et
735 2248 945 2332 septuaginta
958 2268 1061 2312 annos
1080 2267 1162 2312 com·

160 2335 282 2419 plesset
314 2337 412 2417 etque
444 2333 485 2398 ad
516 2336 693 2397 extremam
729 2338 929 2399 senectutem
959 2356 1027 2399 non
1057 2335 1163 2399 minus

161 2423 321 2509 dignitate
354 2444 451 2505 quam
483 2421 591 2507 gretia
621 2421 816 2506 fortuneque
846 2424 1002 2488 crevisset
1029 2419 1165 2507 (multas

162 2513 248 2576 enim
274 2510 472 2575 hereditates
499 2509 589 2574 nulla
616 2509 680 2574 alia
702 2531 736 2574 re
761 2531 858 2593 quam
884 2511 1032 2576 bonitate
1056 2531 1166 2575 conse-

162 2603 256 2663 cutus
271 2596 334 2684 est)
354 2602 509 2681 tantaque
523 2597 741 2681 prosperitate
759 2619 837 2663 usus
857 2602 943 2664 esset
960 2597 1167 2681 valetudinis,

127 2703 143 2751 r
161 2691 198 2752 ut
222 2686 313 2750 annis
336 2686 473 2770 triginta
496 2685 654 2750 medicine
671 2707 737 2750 non
754 2686 957 2772 indiguisset,
979 2688 1094 2751 nactus
1115 2690 1167 2751 est

162 2775 319 2857 morbum,
343 2795 438 2856 quem
456 2773 551 2838 initio
570 2773 690 2857 etipse
709 2779 743 2838 et
756 2775 872 2839 medici
886 2778 1166 2857 contempsenmt:

162 2885 237 2930 nam
260 2865 416 2947 putenmt
439 2882 509 2926 esse
531 2865 714 2945 tenesmon,
743 2862 794 2927 cui
817 2862 957 2928 remedie
980 2863 1097 2927 celeria
1120 2862 1167 2928 fa·

127 2953 300 3035 sciliaque
322 2950 594 3035 proponebantur.
630 2951 665 3014 in
686 2950 748 3015 hoc
771 2970 844 3015 cum
863 2954 930 3016 tres
948 2972 1075 3016 menses
1095 2951 1166 3016 sine

163 3041 238 3105 ullis
262 3039 437 3123 doloribus,
459 3042 686 3122 praeterquam
710 3059 791 3121 quos
815 3060 854 3103 ex
876 3039 1042 3104 curatione
1061 3041 1166 3123 cupie-

162 3129 234 3212 bat,
262 3127 528 3212 consumpsisset,
557 3126 666 3191 subito
690 3129 783 3191 tanto
804 3127 854 3191 vis
877 3127 982 3191 morbi
1005 3127 1166 3192 inimum

163 3216 353 3283 intestinum
376 3216 538 3300 prorupit,
560 3219 598 3279 ut
621 3217 763 3279 extremo
787 3218 932 3299 tempore
953 3236 1012 3298 per
1034 3216 1165 3280 lumbos

128 3323 146 3372 4
163 3306 291 3369 fistulae
313 3305 403 3388 puris
427 3304 598 3388 eruperint.
632 3305 730 3386 atque
747 3304 809 3369 hoc
826 3304 1015 3387 priusquam
1034 3303 1064 3367 ei
1084 3305 1166 3369 acci·

165 3394 266 3477 deret,
295 3396 469 3476 postquam
490 3391 615 3456 indies
638 3391 766 3456 dolores
790 3412 970 3457 accrescere
992 3390 1166 3476 febresque

165 3481 336 3545 accessisse
370 3481 483 3564 sensit,
512 3478 694 3565 Agrippum
726 3500 879 3565 generum
911 3479 950 3544 ad
977 3500 1012 3543 se
1044 3481 1165 3545 arcessi
