2528 4042
145 157 188 221 32
416 153 490 210 VIII.
508 152 780 210 THRASYBULUS.
808 163 834 211 1.
852 163 877 211 2.

146 323 206 384 que
229 301 298 365 iure
322 321 380 365 suo
403 300 558 365 nonnulla
581 301 621 365 ab
649 301 844 385 imperatore
872 302 978 386 miles,
1005 303 1147 386 plurima

144 410 220 453 vero
252 388 384 453 fortuna
414 388 557 454 vindicat
593 410 690 473 seque
721 389 774 454 his
805 389 878 473 plns
905 390 1044 454 valuisse
1072 413 1147 456 vere

110 481 254 561 apotest
290 476 484 561 praedicare.
532 497 636 542 aarum
672 477 753 540 illud
790 478 1148 562 magnificentissimum

143 565 268 630 factum
293 565 462 650 proprium
489 569 539 629 est
561 563 764 647 Thrasybuli.
808 587 884 629 nam
908 587 979 631 cum
1008 567 1149 653 triginta

144 653 276 736 tyranni
302 653 479 738 praepositi
502 673 521 715 a
543 651 806 716 Lacedaemoniis
834 655 990 719 servitute
1018 677 1148 739 oppres·

144 763 197 807 sas
221 746 369 806 tenerent
387 741 542 823 Athenas,
564 739 722 822 plurimos
745 740 841 824 cives,
864 742 982 824 quibus
1004 743 1040 807 in
1059 745 1147 810 bello

143 834 292 914 parserat
322 829 468 912 fortuna,
503 827 624 911 partim
655 827 762 912 patria
795 829 994 912 expulissent
1024 833 1147 916 partim

144 918 392 1000 interfecissent,
414 914 628 999 plurimorum
650 917 737 981 bona
758 916 926 1000 publicata
945 918 1032 983 inter
1049 941 1083 984 se
1103 921 1148 985 di·

144 1007 310 1088 visissent,
332 1025 398 1068 non
420 1003 525 1068 solum
547 1003 711 1090 princeps,
738 1005 794 1068 sed
817 1005 915 1070 etiam
939 1006 1027 1071 solus
1051 1008 1147 1075 initio

143 1093 266 1158 bellum
288 1092 329 1157 iis
351 1090 476 1156 indixit.

110 1182 132 1246 2
232 1179 296 1245 Hic
328 1179 414 1245 enim
450 1201 524 1243 cum
558 1178 685 1262 Phylen
721 1180 937 1267 confugisset,
974 1183 1059 1265 quod
1096 1190 1149 1250 est

144 1268 315 1334 castellnm
340 1268 375 1332 in
401 1265 514 1332 Attica
541 1267 808 1353 munitissimum,
837 1291 904 1334 non
930 1270 1003 1353 plus
1030 1271 1148 1338 habuit

144 1377 254 1421 secum
276 1356 414 1442 triginta
435 1355 473 1418 de
497 1354 573 1419 suis.
607 1355 669 1420 hoc
691 1355 822 1421 initium
844 1357 908 1421 fuit
926 1359 1041 1424 salutis
1060 1359 1148 1425 Atti-

12 1458 14 1462 “
109 1461 265 1528 acorum,
287 1445 349 1509 hoc
371 1443 471 1508 robur
493 1442 656 1506 libertatis
681 1442 879 1507 clarissimae
903 1445 1054 1511 civitatis'.
1094 1469 1148 1514 ne

145 1554 206 1616 que
232 1553 309 1598 vero
336 1531 390 1595 hic
416 1551 483 1595 non
509 1533 714 1612 contemptus
742 1535 793 1594 cst
818 1531 924 1613 primo
952 1553 971 1594 a
998 1537 1147 1614 tyrannis

145 1625 242 1705 atque
269 1620 337 1684 eius
365 1618 516 1683 solitudo.
562 1638 643 1701 quae
667 1618 795 1702 quidem
818 1639 869 1682 res
892 1621 926 1682 et
942 1618 1047 1699 [illis]
1073 1643 1148 1687 con-

145 1707 363 1775 temnentibus
392 1707 545 1791 perniciei
573 1711 606 1771 et
635 1705 735 1788 [huic]
765 1707 915 1790 despecto
939 1706 1037 1770 saluti
1066 1707 1146 1773 fuit:

146 1798 265 1863 etenim
287 1795 362 1860 illos
381 1816 496 1881 segnes
515 1795 556 1859 ad
573 1795 837 1880 persequendum,
859 1794 920 1860 hos
938 1798 1046 1859 autem
1066 1800 1146 1860 tem-

110 1902 222 1970 spore
254 1883 294 1948 ad
327 1883 577 1966 comparandum
609 1883 685 1946 dato
717 1882 796 1948 feeit
827 1883 1035 1947 robustiores.
1081 1905 1146 1966 quo

144 1970 583 2126 itiitirttlit'itmstli}
602 1970 933 2122 timidi?
948 1991 1023 2122 tt
1042 1971 1148 2124 tlt

110 2148 264 2214 sdicitur
286 2150 424 2211 matrem
447 2080 553 2209 limidi
575 2144 652 2209 flere
675 2166 741 2210 non
763 2080 876 2210 s'olerd
910 2167 1014 2230 neque
1037 2150 1148 2212 tamen

145 2257 204 2320 pro
229 2235 379 2319 opinione
401 2233 597 2317 Thrasybuli
620 2236 734 2298 auctae
757 2237 834 2298 sunt
856 2255 947 2318 opes:
977 2256 1054 2298 nam
1081 2235 1147 2299 iam

147 2326 244 2405 [tum]
273 2323 338 2387 illis
366 2321 568 2406 temporibus
595 2320 713 2385 fortius
740 2323 818 2387 boni
845 2343 904 2406 pro
927 2321 1079 2387 libertate
1102 2324 1147 2388 lo·

110 2429 127 2478 5
146 2413 330 2496 quebantur.
347 2432 445 2494 quam
466 2410 664 2496 pugnabant
700 2409 776 2475 hinc
793 2410 829 2475 in
845 2409 996 2474 Piraeum
1014 2412 1148 2475 transiit

144 2499 408 2583 Munichiamque
431 2498 578 2562 munivit.
621 2497 705 2569 hanc
732 2499 783 2563 bis
806 2498 936 2582 tyranni
960 2520 1147 2585 oppugnare

146 2591 222 2652 sunt
253 2587 373 2671 adorti,
405 2588 445 2651 ab
478 2608 578 2669 eaque
610 2586 749 2670 turpiter
779 2586 900 2670 repulsi
931 2587 1081 2670 protinus
1113 2589 1147 2652 in

110 2694 127 2740 c
144 2677 259 2740 urbem
274 2675 372 2738 armis
386 2674 688 2758 impedimentisque
704 2674 832 2739 amissis
846 2673 1043 2760 refugenmt.
1068 2699 1146 2741 usus

146 2767 197 2828 est
218 2762 441 2846 Thrasybulus
467 2783 534 2826 non
560 2762 667 2826 minus
696 2761 867 2845 prudentia
894 2783 991 2844 quam
1018 2762 1146 2829 fortitu·

145 2851 227 2916 dine.
263 2872 339 2915 nam
357 2849 506 2915 cedentes
524 2850 640 2914 violari
662 2851 767 2915 vetuit
790 2847 889 2935 (cives
913 2851 999 2914 enim
1022 2851 1145 2918 civibus

144 2960 274 3023 parcere
298 2959 435 3023 aequum
458 2936 633 3023 censebat),
655 2959 757 3021 neque
779 2937 953 3022 ¹quisquam
971 2943 1022 3004 est
1039 2941 1146 3006 vulne·

144 3032 235 3092 ratus
253 3027 317 3090 nisi
336 3026 392 3109 qui
410 3027 499 3110 prior
517 3026 707 3112 impugnare
721 3025 833 3090 voluit.
864 3027 1025 3092 neminem
1042 3029 1142 3094 iacen-

144 3120 213 3180 tem
234 3118 324 3179 veste
347 3114 508 3198 spoliavit,
530 3115 578 3178 nil
601 3113 715 3199 attigit
736 3113 800 3178 nisi
822 3136 920 3199 arma,
944 3137 1082 3199 quarum
1100 3118 1145 3183 in·

110 3204 286 3290 adigebat,
309 3223 453 3286 quaeque
476 3203 516 3265 ad
538 3202 661 3266 victum
688 3202 904 3285 pertinebant.
948 3203 983 3268 in
1006 3206 1144 3270 secundo

133 3291 268 3375 proelio
292 3290 407 3355 cecidit
430 3289 562 3372 Critias,
585 3290 649 3354 dux
670 3295 898 3375 tyrannorum,
921 3312 993 3357 cum
1017 3294 1145 3376 quidem

146 3380 297 3445 adversus
320 3378 558 3463 Thrasybulum
579 3377 757 3444 fortissime
780 3383 948 3465 pugnaret.

110 3467 131 3532 3
232 3467 304 3532 Hoc
327 3467 451 3532 deiecto
475 3465 651 3531 Pausanias
674 3468 764 3531 venit
785 3465 906 3532 Atticis
930 3469 1067 3556 auxilio,
1090 3491 1144 3536 rex
