2528 4042
415 204 477 260 Vll.
496 205 721 263 ALCIBIADES.
749 215 774 264 3.
792 214 818 265 4.
1074 210 1117 275 25

115 349 262 435 privatus
276 348 538 415 existimabatur:
560 351 681 416 multos
700 352 786 416 enim
803 354 1000 420 liberalitate
1013 355 1120 421 devin-

115 441 215 522 xerat,
236 437 347 521 plures
366 437 466 502 etiam
484 459 582 522 opera
599 438 721 504 forensi
739 462 815 505 suos
833 442 1023 508 reddiderat.
1056 458 1153 528 quae

114 550 149 593 re
170 526 273 592 fiebat
294 529 335 591 ut
353 525 497 592 omnium
516 527 636 611 oculos,
659 528 946 613 quotienscumque
961 532 998 595 -in
1015 533 1119 615 publi·

112 637 187 682 cum
214 613 392 700 prodisset,
419 614 460 679 ad
487 635 521 679 se
549 620 751 680 converteret
772 639 876 701 neque
900 618 929 682 ei
952 640 1011 702 par
1035 622 1119 702 quis-

113 725 213 789 quam
236 701 424 767 incivitate
451 707 634 787 poneretur.
679 704 789 788 itaque
811 728 877 771 non
899 707 1005 771 solum
1028 729 1119 790 spem

112 793 148 858 in
170 813 212 857 eo
235 790 399 855 habebant
420 790 608 876 maximam,
635 792 813 857 sedetiam
841 794 1006 878 timorem,
1034 796 1118 877 quod

113 885 149 947 et
167 881 287 945 obesse
301 878 477 962 plurimum
495 884 529 943 et
546 880 698 964 prodesse
716 886 855 965 poterat.
887 883 1119 968 aspergebatur
1137 900 1153 947 a

117 968 221 1035 etiam
237 964 377 1053 iufamia,
397 967 484 1050 quod
501 967 536 1031 in
554 968 649 1032 domo
668 990 727 1032 sua
744 969 849 1034 facere
868 994 901 1035 m
924 972 1025 1035 steria
1038 972 1120 1036 dice-

119 1058 217 1122 batur
237 1053 338 1141 (quod
354 1054 445 1120 nefas
464 1059 535 1120 erat
552 1077 642 1120 more
660 994 922 1144 Atheniensium}
941 1060 1036 1143 idque
1053 1081 1120 1125 non

116 1145 156 1211 ad
177 1143 383 1231 religionem,
406 1143 462 1208 sed
485 1144 526 1207 ad
548 1145 804 1210 coniurationem
826 1147 987 1230 pertinere
1010 1148 1120 1213 existi·

112 1234 274 1299 mabatur.

200 1319 275 1386 Hoc
302 1319 436 1385 crimine
467 1319 502 1386 in
528 1321 677 1386 contione
708 1322 748 1386 ab
780 1323 920 1388 inimicis
948 1322 1159 1408 compella-4

113 1412 223 1476 batur.
267 1408 323 1473 ssd
349 1408 495 1473 instabat
522 1413 650 1492 tempus
678 1411 719 1474 ad
741 1411 863 1475 bellum
885 1412 1118 1496 proficiscendi.

117 1499 150 1564 id
180 1497 236 1563 ille
264 1496 395 1562 intuens
423 1518 527 1580 neque
556 1497 711 1582 ignorans
741 1499 859 1563 civium
887 1522 1019 1566 suorum
1046 1523 1119 1567 con·

114 1584 319 1652 suetudinem
337 1585 535 1669 postulabat,
554 1586 582 1649 si
602 1587 731 1668 quidde
746 1609 780 1651 se
794 1588 847 1672 agi
861 1590 990 1671 vellent,
1008 1589 1117 1671 potius

112 1677 151 1741 de
168 1675 342 1761 praesente
361 1673 509 1756 quaestio
527 1673 710 1757 haberetur,
729 1695 826 1757 quam
845 1675 960 1739 absens
979 1676 1117 1739 invidiae

113 1762 251 1829 crimine
277 1764 491 1827 accusaretur.
535 1761 659 1825 inimici
685 1783 761 1826 vero
791 1762 860 1825 eius
891 1763 1153 1845 quiescendums

113 1853 151 1916 in
176 1849 353 1935 praesenti,
379 1849 456 1933 quia
481 1848 590 1914 noceri
612 1850 641 1913 ei
661 1870 728 1914 non
753 1871 848 1933 posse
875 1849 1118 1937 intellegebant,

117 1943 152 2004 et
173 1937 256 2003 illud
272 1939 398 2020 tempus
417 1937 667 2021 exspectandam
689 1938 907 2024 decreverunt,
926 1961 990 2023 quo
1011 1940 1119 2006 clocas

117 2026 252 2111 exisset,
276 2029 314 2091 ut
341 2026 510 2091 absentem
534 2027 799 2111 aggrederentur,
825 2027 936 2111 itaque
963 2028 1117 2094 fecenmt.

111 2136 189 2182 nam
206 2117 383 2199 postquam
400 2113 435 2177 in
450 2111 594 2178 Siciliam
612 2136 686 2180 eum
706 2117 889 2198 pervenisse
903 2117 1118 2201 credidenmt,
1136 2131 1152 2180 a

111 2205 298 2286 absentem,
324 2202 411 2285 quod
433 2223 524 2266 sacra
547 2203 713 2287 violasset,
741 2226 832 2268 reum
854 2204 1008 2269 fecerunt.
1054 2226 1118 2287 qua

110 2294 149 2358 de
172 2313 211 2357 re
234 2311 309 2356 cum
331 2288 361 2353 ei
382 2290 515 2354 nuntius
537 2312 556 2354 a
574 2291 769 2375 magistratu
787 2292 822 2356 in
836 2289 980 2355 Siciliam
998 2292 1116 2355 missus

112 2384 215 2465 esset,
244 2381 283 2443 ut
305 2377 436 2441 domum
459 2378 500 2441 ad
523 2400 652 2442 causam
675 2378 841 2442 dicendam
863 2378 995 2459 rediret,
1018 2384 1117 2441 esset-

115 2489 176 2552 que
207 2467 244 2533 in
273 2486 392 2551 magna
420 2487 478 2549 spe
508 2466 692 2549 provinciae
724 2467 804 2529 bene
836 2465 1117 2549 administrandae,

114 2576 182 2622 non
201 2575 315 2640 parere
337 2553 444 2618 noluit
466 2557 499 2618 et
521 2555 556 2618 in
578 2554 755 2637 triremem,
783 2574 864 2635 quae
887 2553 926 2617 ad
950 2576 1024 2618 eum
1047 2560 1117 2619 erat

115 2643 349 2728 deportandum
372 2642 480 2725 missa,
502 2642 655 2708 ascendit.
688 2641 749 2706 hac
766 2640 905 2707 Thurios
928 2642 963 2708 in
985 2642 1151 2708 Italiams

115 2735 298 2816 pervectus,
325 2730 430 2794 multa
456 2751 565 2795 secum
593 2734 746 2814 reputans
774 2731 812 2795 de
839 2731 1051 2796 immoderata
1075 2733 1117 2798 ai-

114 2820 206 2886 vium
226 2840 359 2885 suorum
381 2818 513 2883 licentia
531 2818 783 2901 crudelitateque
802 2840 880 2904 erga
897 2820 1033 2903 nobiles,
1054 2822 1117 2884 uti·

111 2906 276 2975 iissimum
289 2910 380 2972 ratus
394 2906 632 2990 impendentem
646 2908 766 2971 evitare
780 2911 1018 2991 tempestatem,
1032 2909 1116 2972 clam

111 3019 146 3062 se
174 2996 216 3061 ab
245 2994 434 3061 custodibus
462 2995 615 3060 subduxit
642 3000 675 3059 et
705 2995 779 3059 inde
810 2995 952 3079 primum
978 2994 1116 3079 Elidem,

110 3085 186 3151 dein
207 3083 338 3149 Thebas
361 3083 459 3147 venit.
502 3088 676 3167 postquam
701 3087 809 3148 autem
833 3105 866 3148 se
890 3084 1005 3168 capitis
1029 3084 1149 3146 dam-s

110 3177 228 3238 natum
250 3171 345 3236 bonis
367 3170 542 3254 publicatis
566 3171 696 3255 audivit,
719 3176 761 3255 et,
783 3171 816 3235 id
840 3172 925 3254 quod
947 3191 1116 3252 numquam

109 3266 205 3329 caba
231 3282 293 3325 usn
320 3261 465 3341 venerat,
496 3258 707 3344 Eumolpidas
738 3258 920 3324 sacerdotes
949 3280 968 3322 a
993 3259 1113 3341 populo

111 3353 245 3416 coactos
263 3352 302 3412 ut
320 3369 354 3412 se
373 3347 574 3430 devoverent,
592 3349 725 3430 eiusque
743 3346 923 3412 devotionis
938 3367 1002 3429 quo
1017 3349 1114 3411 testa·

109 3438 178 3503 tior
201 3450 289 3502 esset
311 3435 475 3517 memoria,
498 3437 679 3519 exemplum
697 3437 732 3499 in
748 3435 815 3518 pila
832 3434 959 3517 lapidea
976 3433 1114 3500 incisum

108 3547 183 3593 esse
211 3525 355 3610 positum
384 3525 419 3587 in
445 3521 588 3607 publico,
615 3523 889 3588 Lacedaemonem
912 3521 1114 3611 demigravit.
