2528 4042
370 192 442 250 XIV.
461 192 642 249 DATAMES.
672 199 749 248 1-a.
1019 194 1062 256 49

377 375 471 448 XIV.
498 375 736 449 DATAMES.

144 512 317 597 Datames,
347 517 441 597 patre
468 512 647 599 Camisare,
676 513 808 578 natione
837 512 931 598 Care,
958 517 1062 578 matre
1084 513 1102 576 1

57 602 229 687 Scythissa
247 606 354 686 natus,
371 603 513 685 primum
531 603 674 667 militum
691 604 727 667 in
743 624 877 667 numero
895 601 959 666 suit
978 603 1063 686 apud

57 691 262 757 Artaxerxen
285 711 405 776 eorum,
429 691 484 775 qui
506 692 630 776 regiam
653 692 837 756 tuebantur.
877 695 972 773 pater
994 691 1063 754 eius

57 778 256 862 Camisares,
287 779 372 861 quod
395 782 428 843 et
450 779 666 845 manufortis
690 783 724 844 et
745 780 832 844 bello
857 783 1007 843 strenuus
1030 782 1063 842 et

56 868 130 954 regi
153 867 265 932 multis
288 867 368 931 locis
391 867 495 932 fidelis
520 871 590 932 erat
612 872 776 952 repertus,
797 867 914 932 habuit
935 866 1064 967 provin-

55 957 146 1022 ciam
175 959 302 1038 partem
329 953 461 1020 Ciliciae
490 956 582 1020 iuxta
610 919 861 1041 Cappadociam,
894 977 991 1040 quam
1018 955 1064 1018 in-

61 1045 174 1111 colunt
198 1041 383 1127 Leucosyri.
427 1042 584 1108 Datames
612 1044 753 1108 militare
780 1066 896 1109 munus
924 1043 1099 1129 fungensa

59 1133 214 1218 primum,
238 1132 342 1215 qualis
366 1136 466 1217 esset,
494 1133 652 1216 aperuit'
643 1154 678 1196 m
699 1133 800 1217 bello,
824 1133 910 1216 quod
932 1155 989 1197 rex
1011 1131 1064 1196 ad·

59 1243 172 1287 versus
195 1217 353 1286 Cadusios
377 1184 488 1305 gessit.
533 1242 672 1305 namque
698 1220 752 1286 hio
775 1221 886 1306 magni
908 1220 1022 1285 suit
995 1242 1064 1285 e1us

61 1331 169 1394 opera
213 1329 277 1391 quo
306 1307 373 1373 fact
359 1312 430 1373 tum
457 1312 520 1394 est,
552 1331 626 1374 cum
652 1309 687 1374 in
714 1331 752 1374 eo
779 1310 866 1375 bello
895 1309 1065 1374 cecidisset

62 1397 253 1482 Camisares,
275 1402 312 1461 11
331 1401 389 1480 pat
391 1419 468 1462 ema
491 1399 520 1462 ei
543 1399 726 1463 traderetur
747 1398 922 1482 provincia.

153 1484 227 1550 Pari
248 1506 284 1550 se
306 1485 426 1550 virtute
449 1490 563 1570 postea
589 1486 754 1571 praebuit,
783 1508 857 1551 cum
879 1485 1065 1569 Autophro·
1083 1484 1105 1549 2

64 1575 155 1638 dates
176 1573 268 1638 iussu
289 1574 376 1659 regis
398 1574 485 1640 bello
508 1578 756 1658 persequeretur
779 1596 834 1639 eos
862 1574 918 1657 qui
945 1573 1066 1638 defece

62 1666 145 1728 11111
189 1683 328 1745 namque
355 1662 452 1727 huius
481 1684 578 1745 opera
606 1662 732 1745 hostes,
765 1683 838 1726 cum
866 1665 973 1725 castra
1000 1661 1066 1724 iam

62 1752 253 1834 intrassent,
284 1751 396 1815 multis
426 1750 558 1814 milibus
588 1750 753 1836 regiorum
784 1748 964 1814 interfectis
994 1771 1067 1832 pro-

60 1839 168 1926 fligati
183 1842 259 1903 sunt
273 1839 495 1923 exercitusque
513 1838 656 1923 reliquus
671 1842 881 1903 conservatus
893 1837 982 1923 regis
1002 1840 1065 1901 est:

60 1949 245 2013 quaerre
269 1927 445 1992 maioribus
473 1928 569 1991 rebus
596 1949 745 2011 praeesse
773 1928 888 2011 coepit.
934 1930 1004 1990 erat
1027 1948 1065 1991 eo
1084 1939 1102 1988 a

61 2021 209 2100 tempore
223 2015 334 2099 Thuys
349 2015 501 2099 dynastes
515 2015 767 2102 Paphlagoniae,
786 2017 920 2099 antiquo
940 2036 1066 2101 genere,

62 2109 155 2171 ortus
179 2126 198 2168 a
220 2103 413 2187 Pylaemene
435 2103 508 2189 illo,
537 2126 633 2188 quem
655 2104 817 2169 Homerus
839 2104 956 2169 Troico
978 2104 1065 2169 bello

62 2216 83 2258 a
100 2191 254 2257 Patroclo
276 2191 484 2257 interfectum
503 2192 558 2256 ait.
594 2193 623 2258 is
646 2194 716 2279 regi
739 2193 826 2257 dicto
850 2193 982 2257 audiens
1000 2206 1105 2256 nona

61 2285 142 2347 erat.
178 2302 275 2364 quam
299 2281 340 2345 ob
364 2303 495 2345 causam
516 2281 603 2345 bello
627 2303 699 2345 eum
721 2281 872 2364 persequi
895 2280 1067 2345 constituit

63 2370 157 2454 eique
175 2369 224 2433 rei
241 2368 398 2452 praefecit
410 2367 581 2453 Datamen,
598 2369 816 2452 propinquum
830 2367 1068 2452 Paphlagonis:

62 2479 204 2541 namque
227 2479 266 2521 ex
288 2457 353 2522 frat
339 2462 389 2522 tre
412 2459 445 2520 et
463 2478 573 2521 sorore
592 2461 685 2520 erant
701 2455 782 2521 nati.
819 2477 916 2555 quam
934 2456 976 2519 ob
996 2477 1068 2520 cau-

63 2569 134 2612 sam
156 2545 224 2610 Dat
209 2549 313 2610 tames
335 2545 477 2629 primum
500 2544 638 2629 experiri
665 2544 782 2629 voluit,
810 2547 849 2608 ut
876 2544 945 2608 sine
968 2543 1067 2609 armis

62 2634 281 2735 propinquum
304 2634 345 2698 ad
368 2633 511 2698 officium
533 2634 707 2698 reduceret
744 2595 785 2697 ad
808 2654 903 2717 quem
927 2654 1000 2697 cum
1018 2655 1069 2698 ve·

62 2724 168 2788 nisset
190 2722 259 2789 sine
281 2722 452 2806 praesidio,
475 2721 561 2805 quod
584 2723 624 2786 ab
648 2721 752 2786 amico
773 2722 880 2786 nullas
903 2725 1029 2786 vereret
1030 2744 1069 2786 ur
1109 2792 1112 2797 ,

65 2811 212 2895 insidias,
234 2833 336 2894 paene
358 2810 497 2875 interiit:
533 2833 609 2874 nam
632 2809 743 2893 Thuys
766 2831 841 2876 eum
863 2811 948 2875 clam
971 2809 1068 2874 inter-

29 2930 32 2936 ·
64 2899 159 2964 ficere
182 2900 295 2965 voluit.
329 2904 398 2962 erat
421 2904 525 2963 mater
548 2921 622 2963 cum
639 2897 789 2983 Datame,
812 2899 913 2963 amita
930 2897 1068 2980 Paphla·
1085 2914 1104 2962 4

63 2988 168 3074 genis.
202 3010 240 3052 ea
259 2987 336 3138 qluid
355 2992 465 3072 ageret
465 3010 505 3052 ur
451 2987 634 3052 tresciit
656 2950 823 3071 filiumque
845 2986 980 3050 monuit
1012 2985 1067 3048 ille
1087 3001 1105 3050 s

63 3076 143 3162 fuga
164 3076 343 3160 periculum
367 3076 500 3141 evitavit
523 3076 708 3159 bellumque
725 3075 843 3140 indixit
860 3073 997 3156 Thuyni.
1034 3072 1069 3137 in

62 3187 129 3249 quo
153 3187 227 3230 oum
250 3165 301 3228 ab
314 3163 533 3228 Ariobarzane
538 3164 733 3249 ,praefecto
757 3163 877 3246 Lydiae
901 3165 935 3225 et
957 3160 1068 3226 Ioniae

63 3253 231 3336 totiusque
245 3250 416 3336 Phrygiae,
439 3215 585 3318 deserdus
609 3257 704 3336 esset,
725 3251 829 3316 nihilo
849 3250 979 3334 segnius
998 3271 1070 3332 per·

63 3341 226 3408 severavit
243 3341 414 3422 vivumque
433 3339 550 3423 Thuyn
568 3341 654 3424 cepit
677 3362 750 3405 cum
772 3361 872 3403 uxore
895 3342 929 3401 et
946 3337 1069 3402 liberis.

154 3428 253 3496 Cuius
280 3428 361 3493 facti
386 3450 427 3492 ne
453 3428 543 3510 prius
571 3428 659 3493 fama
681 3428 722 3492 ad
743 3447 854 3512 regem
878 3447 975 3509 quam
998 3425 1068 3510 ipse
1087 3429 1119 3493 3-

63 3517 261 3604 perveniret,
284 3517 373 3581 dedit
395 3538 535 3601 operam.
579 3517 689 3600 itaque
713 3515 862 3580 omnibus
885 3514 996 3579 insciis
1020 3537 1069 3601 eo,

118 3630 254 3674 0111111111
269 3632 355 3672 Nasos.
893 3624 910 3670 4
