2528 4042
336 193 395 252 XV.
414 195 685 252 EPAMINONDAS.
714 201 738 252 ὅ.
759 203 782 252 6.
1023 198 1067 263 59

54 339 149 405 citati
176 361 244 404 esse
268 341 395 405 debent.
430 363 528 425 quare
552 340 580 404 si
602 341 765 425 principes
790 340 944 408 Graeciae
967 344 1067 408 vultis

55 428 745 582 9⁸⁸⁶’rlmlhidctdildieilltatffl
762 430 1102 584 ultast?

55 518 320 688 lidberdnhique
348 627 481 670 uxorem
508 606 667 690 duxisset,
698 539 900 690 madrimeque
930 608 1068 672 insolen-

56 695 148 777 tiam,
171 693 259 776 quod
282 693 345 757 sibi
364 693 618 780 Agamemnonis
642 694 720 758 belli
743 695 882 780 gloriam
905 696 1069 760 videretur

56 786 266 848 consecutus:
289 782 392 846 atille
407 781 548 866 ‘desine'
567 783 675 865 inquit
689 782 888 869 ‘Meneclida
912 783 950 847 de
968 805 1068 849 uxore

56 871 140 936 mihi
167 870 377 953 exprobrare:
412 893 489 935 nam
516 871 637 935 nullius
666 871 701 934 in
727 871 793 935 ista
819 893 854 936 re
883 871 990 936 minus
1017 872 1068 936 uti

56 958 196 1025 consilio
219 957 314 1023 volo?
352 956 510 1043 (habebat
528 959 615 1023 enim
633 958 827 1024 Meneclides
851 959 1068 1044 suspicionem

56 1044 234 1131 adulterii.)
276 1046 375 1129 ‘quod
398 1051 507 1111 autem
530 1069 581 1111 me
604 1047 883 1132 Agamemnonem
912 1048 1105 1112 aemularis

56 1139 165 1220 putas,
188 1134 321 1199 falleris.
354 1156 493 1219 namque
516 1135 571 1200 ille
595 1157 669 1200 eum
691 1136 842 1200 universa
860 1135 997 1202 Graecia
1014 1137 1069 1201 vix

55 1225 170 1289 decem
198 1224 291 1287 annis
319 1245 418 1287 unam
445 1223 533 1307 cepit
558 1224 686 1308 urbem,
713 1245 774 1310 ego
803 1229 918 1289 contra
944 1247 982 1289 ea
1003 1246 1068 1289 nna

55 1313 139 1376 urbe
152 1315 266 1376 nostra
284 1311 398 1395 dieque
416 1333 481 1376 uno
500 1316 605 1376 totam
620 1310 790 1376 Graeciam
803 1311 1067 1377 Lacedaemoniis

56 1400 183 1486 fugatis
204 1399 361 1464 liberavi?

151 1487 240 1552 Idem
267 1510 340 1552 cum
367 1488 403 1552 in
430 1493 624 1553 conventum
646 1489 790 1554 venisset
812 1489 989 1573 Arcadum,
1016 1491 1108 1573 pe-(i

60 1581 134 1641 tens
155 1580 193 1641 ut
216 1577 407 1641 societatem
430 1598 504 1641 cum
522 1576 684 1641 Thebanis
708 1581 742 1640 et
759 1577 892 1662 Argivis
915 1579 1069 1661 facerent,

56 1668 237 1749 contraque
256 1663 474 1748 Callistratus,
496 1664 746 1729 Atheniensium
770 1665 907 1751 legatus,
931 1665 987 1747 qui
1006 1665 1069 1728 elo·

56 1754 194 1838 quentia
217 1775 328 1818 omnes
352 1774 389 1818 eo
417 1753 606 1836 praestabat
633 1756 793 1836 tempore,
821 1752 1005 1837 postularet
1030 1755 1069 1816 ut

56 1842 170 1926 potius
190 1842 368 1907 amicitiam
383 1844 593 1924 sequerentur
606 1839 803 1925 Atticorum,
826 1844 860 1905 et
873 1841 909 1904 in
922 1839 1069 1905 oratione

56 1952 119 1996 sua
145 1930 250 1994 multa
276 1931 423 1995 invectus
447 1932 534 1994 esset
561 1929 596 1993 in
618 1929 789 1993 Thebanos
813 1932 847 1993 et
868 1928 1010 2015 Argivos
1034 1928 1069 1993 in

55 2040 171 2191 aare?
188 2017 984 2190 laesae},sarabertus
1000 2015 1103 2189 tr

57 2197 121 2260 bus
144 2194 184 2258 de
207 2195 322 2259 ceteris
344 2198 480 2278 possent
501 2195 656 2259 iudicare:
692 2193 833 2280 Argivos
857 2194 944 2259 enim
965 2193 1067 2259 fuisse

58 2283 212 2349 Orestem
240 2286 274 2347 et
295 2282 506 2348 Alcmeonem
533 2282 733 2364 matricidas‚
762 2282 883 2346 Thebis
907 2281 1067 2364 Oedipum

58 2376 183 2455 natum,
206 2371 271 2454 qui,
294 2393 367 2436 cum
389 2375 517 2455 patrem
540 2393 635 2436 suum
657 2368 883 2453 interfecisset,
906 2390 944 2432 ex
963 2371 1067 2432 matre

58 2461 181 2525 liberos
199 2463 417 2543 procreasset:
432 2459 510 2523 huic
528 2459 563 2523 in
580 2457 802 2542 respondendo
816 2456 1069 2541 Epaminondas,
1087 2473 1104 2521 3

57 2571 135 2614 cum
158 2547 197 2611 de
221 2549 337 2613 ceteris
360 2551 557 2632 perorasset,
586 2550 761 2630 postquam
784 2545 825 2609 ad
847 2545 905 2608 illa
927 2545 990 2609 duo
1014 2565 1068 2628 op·

58 2636 193 2722 probria
214 2636 370 2720 pervenit,
393 2635 545 2700 admirari
568 2656 603 2698 se
626 2634 708 2698 dixit
731 2633 909 2698 stultitiam
926 2633 1068 2698 rhetoris

59 2725 176 2809 Attici,
199 2724 255 2807 qui
277 2746 343 2789 non
366 2722 640 2807 animadverterit,
662 2723 851 2787 innoeentes
874 2721 949 2786 illos
971 2724 1068 2787 natos

57 2813 165 2897 domi,
188 2813 308 2877 scelere
332 2813 473 2876 admisso
497 2832 571 2876 eum
592 2811 701 2894 patria
723 2815 833 2875 essent
855 2811 994 2895 expulsi,
1021 2831 1068 2874 re·

57 2904 173 2984 ceptos
196 2922 267 2965 esse
290 2902 331 2964 ab
355 2900 618 2965 Atheniensibus.
664 2900 721 2963 sed
750 2899 889 2964 maxime
912 2899 981 2962 eius
1005 2897 1104 2962 elo-4
1132 2935 1135 2940 -

57 2990 194 3074 quentia
213 2989 317 3052 eluxit
331 2986 467 3072 Spartae
485 2988 588 3074 legati
607 2991 682 3051 ante
698 3008 842 3072 pugnam
855 2986 1068 3052 Leuctricam.

56 3099 125 3162 quo
149 3099 223 3142 cum
242 3076 387 3142 omnium
402 3077 564 3142 sociorum
578 3076 804 3141 convenissent
825 3075 936 3159 legati,
959 3094 1069 3139 coram

57 3165 326 3250 frequentissimo
352 3165 579 3250 [legationum]
605 3171 766 3229 conventu
788 3163 835 3227 sic
858 3162 1069 3227 Lacedaemo·

56 3255 190 3320 niorum
217 3252 422 3337 tyrannidem
450 3254 613 3338 coarguit,
642 3256 768 3317 utnon
790 3251 896 3315 minus
920 3250 977 3314 illa
1000 3271 1069 3314 ora—

57 3344 151 3408 tione
174 3363 252 3427 opes
276 3362 389 3406 eorum
412 3342 614 3406 concusserit
637 3362 734 3424 quam
757 3337 927 3403 Leuctrica
949 3359 1069 3422 pugna.

57 3436 131 3496 tum
163 3431 250 3496 enim
281 3428 432 3514 perfecit,
464 3429 550 3510 quod
579 3432 655 3512 post
684 3427 849 3511 apparuit,
879 3430 917 3490 ut
947 3426 1068 3493 auxilio

59 3519 334 3600 [Lacedaemonii]
360 3516 522 3583 sociorum
544 3517 758 3600 privarentur.
