2528 4042
321 169 421 224 xxm.
440 156 638 224 HANNIBAL.
668 174 780 224 10-1a.
1020 171 1064 236 95
1159 171 1161 176 ·

57 321 128 382 erat
150 315 264 380 navale
282 315 453 400 proelium,
476 314 660 379 classiarios
680 317 837 378 convocat
855 313 960 398 iisque
975 337 1064 399 prae·

57 406 152 489 cipit,
182 424 294 469 omnes
322 407 360 468 ut
387 404 422 468 in
450 424 549 467 unam
571 401 727 466 Eumenis
756 403 843 486 regis
871 407 1065 469 concurrant

57 514 186 577 navem,
216 514 236 556 a
259 491 376 556 ceteris
403 494 533 555 tantum
560 490 641 554 satis
664 490 807 554 habeant
830 511 864 554 se
888 491 1064 556 defendere.

56 583 89 647 id
122 581 197 646 illos
229 579 325 645 facile
358 579 557 663 serpentium
589 578 797 643 multitudine
825 584 1063 645 consecuturos.

56 692 113 735 rex
136 672 247 734 autem
266 668 301 732 in
319 689 382 751 qua
399 688 481 732 nave
500 667 680 750 veheretur,
703 670 740 730 ut
759 667 888 752 scirent,
911 689 945 732 se
963 667 1099 732 factu-e

56 780 144 824 rum:
168 778 264 841 quem
283 757 311 820 si
330 759 387 820 aut
411 755 573 838 cepissent
596 758 653 820 aut
675 753 922 840 interfecissent,
945 776 1063 840 magno

57 848 98 912 iis
121 844 295 930 pollicetur
317 843 463 928 praemio
486 842 564 907 fore.
600 843 659 906 tali
679 843 903 908 cohortatione
922 844 1064 908 militum
1077 843 1112 908 11

57 935 147 1000 facta
161 933 273 998 classis
289 932 330 996 ab
345 931 491 1015 utrisque
505 931 540 994 in
553 931 714 1015 proelium
727 931 903 998 deducitur.
928 954 1065 1015 quarum

61 1022 131 1087 acie
162 1020 352 1103 constituta,
383 1020 573 1102 priusquam
603 1019 732 1105 signum
764 1041 892 1106 pugnae
925 1020 1065 1101 daretur,

59 1109 237 1193 Hannibal,
263 1112 301 1172 ut
328 1108 438 1191 palam
464 1106 587 1171 iaceret
610 1107 690 1191 suis,
721 1129 784 1191 quo
807 1109 879 1173 loco
903 1108 1064 1173 Eumenes

60 1201 155 1283 esset,
178 1196 386 1262 tabellarium
409 1195 444 1259 in
466 1195 586 1278 scapha
604 1217 678 1261 cum
697 1197 835 1262 caduceo
859 1197 972 1260 mittit.
1009 1197 1099 1280 quia

58 1286 117 1353 ubi
149 1285 190 1352 ad
224 1304 323 1349 naves
355 1283 613 1348 adversariorum
648 1284 796 1367 pervenit
828 1285 1065 1369 epistulamque

61 1375 234 1441 ostendens
258 1393 292 1437 se
315 1392 426 1456 regem
447 1370 614 1454 professus
638 1375 689 1436 est
708 1393 870 1456 quaerere,
893 1373 1007 1437 statim
1026 1374 1066 1438 ad

60 1464 240 1530 Eumenem
268 1459 422 1525 deductus
450 1463 514 1544 est,
545 1459 632 1543 quod
653 1482 749 1525 nemo
782 1462 954 1526 dubitabat
988 1463 1067 1545 quin

61 1550 184 1635 aliquid
207 1549 245 1614 de
263 1569 343 1631 pace
361 1551 447 1612 esset
465 1548 631 1631 scriptum.
668 1548 857 1614 tabellarius
877 1549 966 1615 ducis
984 1571 1066 1614 nave

61 1640 226 1706 declarata
248 1636 315 1701 suis
339 1636 465 1719 eodem,
487 1635 571 1698 unde
594 1639 665 1699 erat
688 1656 854 1720 egressus,
877 1658 911 1701 se
933 1637 1065 1719 recepit.

61 1733 98 1794 at
120 1726 281 1790 Eumenes
304 1724 412 1788 soluta
435 1722 575 1806 epistula
596 1722 678 1786 nihil
706 1722 741 1787 in
768 1745 806 1788 ea
832 1724 976 1808 repperit
1001 1724 1100 1788 nisis

64 1835 148 1897 quae
175 1812 215 1876 ad
241 1812 437 1876 irridendum
465 1833 539 1875 eum
564 1811 773 1894 pertinerent.
819 1812 909 1877 cuius
935 1813 982 1876 rei
1003 1812 1067 1876 etsi

66 1921 196 1967 eausam
218 1899 397 1965 mirabatur
418 1921 522 1982 neque
545 1899 740 1983 reperiebat,
770 1903 880 1965 tamen
906 1900 1066 1985 proelium

64 1989 180 2055 statim
203 1988 403 2053 committere
425 2009 492 2052 non
514 1986 683 2052 dubitavit.
721 1988 839 2053 horum
856 1989 891 2053 in
909 2010 1066 2054 concursu
1084 2001 1102 2051 4

62 2077 200 2160 Bithyni
217 2075 411 2141 Hannibalis
429 2080 601 2165 praecepto
620 2076 762 2142 universi
779 2099 896 2142 navem
911 2077 1066 2142 Eumenis

64 2166 262 2232 adoriuntur.
286 2172 424 2249 quorum
441 2165 507 2229 vim
524 2186 581 2229 rex
596 2186 669 2230 cum
688 2166 848 2230 sustinere
865 2187 932 2230 non
946 2170 1067 2250 posset,

64 2255 143 2340 fuga
166 2253 305 2318 salutem
327 2253 433 2337 petiit,
462 2274 560 2337 quam
583 2257 774 2317 consecutus
796 2274 863 2317 non
885 2257 981 2335 esset,
1003 2253 1067 2317 nisi

64 2344 151 2408 intra
178 2362 237 2406 sua
267 2340 428 2425 praesidia
455 2361 489 2406 se
521 2341 709 2424 recepisset,
741 2361 822 2422 quae
853 2340 888 2404 in
918 2339 1066 2422 proximo

64 2433 160 2496 litore
180 2433 272 2494 erant
291 2429 457 2494 collocata.
484 2428 627 2511 reliquae
641 2427 859 2512 Pergamenae
877 2448 975 2492 naves
995 2440 1102 2491 cumo

65 2518 265 2585 adversarios
297 2522 479 2602 premerent
511 2517 634 2601 acrius,
670 2520 802 2600 repente
839 2515 873 2579 in
905 2537 959 2581 eas
990 2537 1068 2580 vasa

64 2608 193 2690 fictilia,
224 2605 263 2670 de
292 2606 408 2689 quibus
436 2627 534 2689 supra
561 2604 758 2669 mentionem
784 2604 933 2687 fecimus,
965 2604 1069 2669 conici

67 2700 182 2779 coepta
201 2697 285 2759 sunt.
320 2715 401 2777 quae
420 2693 506 2758 iacta
523 2693 618 2757 initio
637 2693 739 2757 risum
756 2693 978 2778 pugnantibus
997 2714 1069 2757 con-

68 2785 218 2867 citarunt,
239 2804 342 2866 neque
367 2803 465 2867 quare
483 2782 518 2846 id
535 2782 627 2845 fieret
645 2785 775 2865 poterat
793 2781 949 2865 intellegi.
981 2785 1068 2864 post·
1087 2796 1103 2844 6

69 2893 164 2955 quarn
183 2874 292 2935 autem
309 2892 406 2934 naves
426 2891 501 2934 suas
521 2869 668 2953 oppletas
687 2874 923 2952 conspexerunt
944 2890 1069 2951 serpen·

67 2960 165 3044 tibus,
177 2980 263 3024 nova
276 2979 310 3021 re
323 2959 498 3043 perterriti,
512 2979 594 3041 cunr,
608 2956 685 3041 quid
697 2957 906 3040 potissimum
919 2956 1069 3036 vitarent,

65 3070 132 3113 non
158 3048 318 3128 viderent,
347 3068 470 3130 puppes
498 3049 665 3111 verterunt
693 3066 790 3128 seque
818 3045 859 3108 ad
882 3065 940 3107 sua
963 3046 1070 3107 castra

65 3137 198 3202 nautica
225 3133 430 3197 rettulerunt.
467 3135 513 3200 sie
535 3133 700 3198 Hannibal
725 3131 860 3198 consilio
884 3153 974 3195 arma
996 3130 1104 3193 Per-‘1

67 3244 279 3310 gamenorum
307 3221 480 3304 superavit,
510 3244 614 3306 neque
642 3226 713 3286 tum
741 3219 860 3303 solum,
892 3219 948 3283 sed
975 3239 1069 3301 saepe

67 3313 149 3377 alias
182 3309 385 3397 pedestribus
419 3308 521 3392 copiis
552 3310 623 3394 pari
659 3307 830 3393 prudentia
862 3306 987 3389 pepulit
1019 3305 1071 3369 ad-

65 3421 237 3466 versamus.

157 3488 245 3564 Quae
270 3488 345 3551 dum
368 3486 402 3549 in
425 3484 505 3548 Asia
533 3489 702 3568 geruntur,
730 3483 847 3548 accidit
871 3503 946 3546 casu
969 3485 1006 3546 ut
1028 3482 1071 3546 le·
1083 3482 1123 3546 12
