2528 4042
331 182 365 236 11.
385 180 664 237 THEMISTOOLES.
693 188 786 238 a-ro.
1019 183 1059 247 13

55 349 172 393 navem
195 326 303 391 tenuit
324 325 359 391 in
382 327 509 391 ancoris
527 349 630 410 neque
650 348 843 410 quemquam
862 349 901 392 ex
919 349 957 392 ea
975 328 1061 392 exire

57 437 172 500 passus
196 419 255 480 est.
294 414 370 478 inde
391 414 559 499 Ephesum
581 416 728 499 pervenit
750 415 859 499 ibique
881 416 1062 481 Themisto·

59 506 139 571 clem
167 503 310 587 exponit.
360 503 412 567 cui
444 503 499 566 ille
528 525 588 586 pro
618 503 743 568 meritis
775 507 890 587 postea
921 506 1061 589 gratiam

56 592 194 658 rettulit.

146 679 224 745 Scio
242 679 412 762 plerosque
431 679 479 743 ita
497 679 675 764 scripsisse,
692 679 944 744 Themistoclem
957 679 1061 745 Xerxe
1080 683 1099 747 9

55 771 218 856 regnante
236 767 272 831 in
283 765 397 831 Asiam
415 767 580 831 transisse.
613 768 669 832 sed
683 788 743 854 ego
757 767 966 852 potissimum
978 767 1062 831 Thu-

57 857 169 943 cydidi
194 855 295 939 credo,
318 854 403 939 quod
425 859 455 919 et
475 859 582 919 aetate
604 856 770 939 proximus
790 856 828 921 de
846 857 896 940 iis,
920 856 975 940 qui
992 856 1063 920 illo-

58 967 134 1011 mm
153 948 335 1027 temporum
351 942 525 1008 historiam
542 943 753 1027 reliquenmt,
776 948 810 1009 et
828 944 970 1009 eiusdem
989 944 1063 1009 eivi-

62 1034 143 1098 tatis
170 1031 241 1096 fuit.
284 1032 314 1095 is
341 1034 451 1095 autem
479 1031 526 1095 ait
555 1032 596 1095 ad
617 1030 818 1097 Artaxerxen
842 1054 915 1097 eum
937 1033 1063 1098 venisse

62 1127 159 1205 atque
177 1119 229 1184 his
247 1119 356 1185 verbis
375 1120 548 1203 epistulam
562 1121 703 1184 misisse:
727 1120 976 1186 ‘Themistocles
990 1121 1098 1188 venia

59 1209 98 1274 ad
121 1213 165 1293 te,
189 1207 245 1291 qui
264 1208 405 1292 plurima
422 1208 507 1271 mala
526 1208 670 1272 omnium
689 1206 861 1274 Graiorum
879 1209 914 1273 in
932 1209 1064 1275 domum

58 1302 150 1362 tuam
187 1295 299 1379 intuli,
338 1295 490 1379 quamdiu
523 1297 603 1360 mihi
635 1318 765 1362 necesse
799 1297 863 1361 fuit
895 1299 1063 1362 adversum

58 1389 186 1470 patrem
200 1388 296 1448 tuum
308 1384 429 1448 bellare
443 1384 646 1468 patriamque
660 1407 766 1450 meam
780 1384 956 1450 defendere.
978 1386 1063 1450 idem
1082 1406 1098 1454 3

61 1473 166 1537 multo
186 1473 283 1557 plura
305 1473 392 1536 bona
413 1471 490 1556 feci,
511 1476 685 1556 postquam
708 1474 742 1537 in
765 1478 838 1539 tuto
861 1475 930 1557 ipse
953 1479 987 1537 et
1008 1475 1064 1538 ille

62 1562 95 1625 in
120 1561 266 1646 periculo
297 1580 368 1624 esse
396 1561 510 1643 coepit.
554 1582 630 1625 nam
654 1583 726 1626 cum
753 1563 788 1626 in
809 1561 923 1626 Asiam
946 1563 1064 1626 reverti

60 1649 159 1714 vellet
180 1647 306 1733 proelio
330 1647 415 1731 apud
439 1645 603 1712 Salamina
629 1648 731 1734 facto,
760 1650 881 1712 litteris
904 1671 977 1713 eum
1000 1672 1065 1714 cer·

59 1738 180 1803 tiorem
201 1736 264 1801 feci
291 1736 324 1800 id
347 1737 400 1821 agi
422 1739 460 1800 ut
482 1757 580 1819 pons,
608 1758 703 1819 quem
730 1737 764 1799 in
786 1735 998 1819 Hellesponto
1021 1737 1065 1800 fe

62 1817 167 1908 cerat,
199 1823 427 1888 dissolveretur
453 1828 551 1906 atque
578 1824 618 1888 ab
650 1824 800 1888 hostibus
829 1825 1065 1889 circumiretur:

65 1934 131 1996 quo
158 1911 270 1976 nuntio
297 1912 353 1976 ille
379 1912 524 1995 periculo
552 1917 602 1977 est
633 1913 799 1977 liberatus.
843 1934 928 1977 nunc
956 1918 1099 1980 antemi

66 1999 196 2086 confugi
214 2000 254 2064 ud
272 2004 305 2064 te
319 2001 502 2086 exagitatus
518 2023 537 2064 a
551 2004 666 2066 cuncta
680 1999 824 2086 Graecia,
842 2005 933 2065 tuam
951 2007 1064 2086 petens

63 2089 256 2154 amicitiam:
280 2109 377 2171 quam
396 2089 424 2153 si
443 2109 497 2153 ero
513 2089 658 2175 adeptus,
675 2112 741 2155 non
755 2091 861 2154 minus
876 2111 927 2154 me
942 2092 1065 2156 bonum

61 2178 205 2243 amicum
225 2176 372 2259 habebis,
395 2198 492 2260 quam
514 2177 633 2242 fortem
654 2178 821 2242 inimicum
839 2179 894 2242 ille
913 2184 1065 2263 expertus

61 2272 122 2331 est.
154 2269 189 2330 te
208 2269 317 2329 autem
336 2286 425 2350 rogo,
447 2270 485 2329 ut
504 2265 542 2329 de
560 2266 600 2329 iis
619 2266 725 2348 rebus,
744 2287 823 2348 quas
843 2269 949 2330 tecum
969 2267 1065 2331 collo-

62 2355 119 2438 qui
146 2353 235 2437 volo,
262 2374 404 2417 annuum
431 2354 512 2417 mihi
539 2357 667 2436 tempus
695 2353 751 2417 des
774 2372 875 2435 eoque
898 2356 1064 2418 transacto

64 2443 105 2506 ad
127 2446 161 2506 te
183 2441 293 2504 venire
315 2440 471 2524 patiaris?

150 2527 257 2593 Huius
275 2550 332 2592 rex
351 2530 450 2593 animi
468 2528 723 2614 magnitudinem
742 2527 902 2592 admirans
922 2528 1066 2612 cupiens·
1077 2532 1118 2595 10

66 2638 129 2700 que
158 2618 259 2681 talem
288 2617 393 2681 virum
426 2618 488 2682 sibi
519 2617 684 2682 conciliari
710 2616 838 2679 veniam
869 2617 965 2681 dedit.
1010 2618 1065 2683 ille

67 2725 160 2769 omne
177 2705 258 2769 illud
276 2708 405 2788 tempus
424 2705 544 2769 litteris
559 2704 762 2788 sermonique
775 2702 948 2769 Persarum
964 2706 1066 2771 dedit:

67 2793 182 2876 quibus
201 2793 281 2857 adeo
301 2794 445 2858 eruditus
464 2796 522 2878 est,
544 2798 582 2856 ut
600 2793 703 2857 multo
723 2793 921 2858 commodius
940 2794 1066 2860 dicatur

62 2881 412 3034 {illaildlnlelll
425 2882 1099 3036 fell?lulllullplllllaqulul2

62 3057 148 3123 citus
172 3057 459 3143 gratissimumque
481 3057 571 3141 illud,
594 3058 622 3120 si
644 3057 710 3121 suis
728 3057 777 3120 uti
797 2990 940 3121 airhsssiis
959 2992 1066 3143 villae,

61 3145 155 3211 illum
177 3144 346 3210 Graeciam
363 3145 450 3209 hello
470 3166 707 3229 oppressurum,
729 3146 854 3230 magnis
879 3145 1065 3211 muneribus

62 3234 104 3297 ab
128 3232 310 3298 Artaxerxe
334 3232 470 3298 donatus
493 3235 528 3297 in
548 3233 662 3298 Asiam
684 3233 781 3296 rediit
803 3233 1065 3316 domiciliumque

61 3320 251 3408 Magnesiae
275 3322 337 3386 sihi
358 3322 536 3385 constituit.
570 3343 709 3404 namque
727 3321 811 3385 hanc
828 3321 941 3384 urbem
960 3321 990 3384 ei
1008 3343 1064 3387 rex
1083 3339 1099 3388 a

62 3410 210 3493 donarat,
232 3409 284 3474 his
308 3409 436 3492 quidem
459 3409 579 3494 verbis,
602 3430 682 3493 quae
706 3408 736 3472 ei
758 3429 873 3491 panem
896 3409 1065 3491 praeberet

63 3495 118 3582 (ex
141 3519 205 3581 qua
227 3497 358 3584 regione
382 3497 608 3583 quinquagena
634 3496 758 3561 talenta
785 3496 957 3579 quotannis
985 3499 1064 3563 redi-
