2528 4042
402 175 501 230 XXIII.
518 173 714 232 HANNIBAL.
742 182 766 230 7.
785 181 809 231 8.
1071 177 1113 242 93

110 341 173 404 que
197 318 331 384 fratrem
355 324 423 384 eius
446 319 628 406 Magonem.
673 320 736 384 hcc
762 341 917 405 responso
941 321 1150 408 Karthagi-s.

109 410 240 473 nienscs
264 409 396 494 cognito
419 408 638 473 Hannibalem
660 409 792 472 domum
815 412 848 473 et
870 408 1045 495 Magonem
1067 432 1114 475 re-

109 501 277 562 vocarunt.
322 497 385 582 huc
411 501 450 561 ut
476 497 586 580 rediit,
617 517 674 560 rex
705 495 811 560 factus
844 501 908 580 est,
939 503 1115 582 postquam

109 587 291 670 imperator
313 585 428 670 fuerat,
452 607 535 649 anno
559 585 697 649 secundo
721 587 754 648 et
776 585 946 650 vicesimot
968 591 1006 650 ut
1029 587 1114 652 enim

109 674 235 739 Romae
261 674 417 757 consules,
441 674 487 737 sic
505 672 708 758 Karthagine
728 674 901 755 quotannis
925 675 1023 738 annui
1046 675 1115 739 bini

109 783 205 848 reges
230 761 432 826 creabantur.
466 762 501 825 in
519 783 556 826 co
580 761 776 846 magistratu
797 762 869 844 pari
892 762 1061 847 diligentia
1080 784 1114 827 se
1133 777 1149 825 5

110 849 277 915 Hannibal
300 849 459 934 praebuit,
482 871 519 914 ac
541 848 648 913 fuerat
670 849 705 913 in
722 849 818 913 bello.
851 871 990 933 namque
1009 850 1115 915 effecit

112 963 153 1004 ex
170 939 262 1017 novis
281 938 496 1023 vectigalibus
513 959 580 1002 non
598 937 704 1002 solum
716 940 754 1000 ut
769 941 856 1003 esset
868 939 1013 1024 pecunia,
1033 961 1114 1022 quae

113 1027 269 1091 Romanis
292 1048 331 1090 ex
353 1026 481 1091 foedare
503 1025 705 1109 panderetur,
727 1026 783 1089 sed
806 1026 906 1091 etiam
924 1031 1115 1112 superesset,

115 1115 251 1199 quaein
275 1115 398 1179 aerario
418 1118 635 1197 reponeretur.
670 1113 783 1178 deinde
808 1116 904 1194 [anno
926 1119 1004 1198 post
1025 1130 1149 1200 prae-s

112 1206 234 1284 turam]
258 1202 302 1267 M.
326 1202 461 1269 Claudio
484 1201 521 1266 L.
543 1201 643 1266 Furio
671 1202 856 1267 consulibus
879 1201 984 1268 Roma
1013 1204 1115 1289 legati

112 1292 352 1377 Karthaginem
379 1294 543 1356 venerrmt.
587 1291 648 1355 hos
675 1288 839 1355 Hannibal
869 1295 959 1356 ratus
988 1292 1038 1356 sui
1065 1314 1116 1356 ex·

112 1381 266 1466 poscendi
284 1380 392 1465 gratia
411 1379 538 1463 missos,
560 1379 748 1462 priusquam
767 1379 807 1444 iis
826 1383 957 1444 senatus
976 1381 1115 1465 daretur,

111 1490 229 1534 navem
252 1468 396 1533 ascendit
420 1467 504 1532 clam
526 1470 624 1550 atque
646 1467 681 1530 in
704 1464 831 1550 Syriam
854 1469 894 1532 ad
916 1468 1115 1534 Antiochum

112 1557 267 1643 perfugit.
300 1557 361 1621 hac
384 1577 419 1619 re
441 1556 551 1638 palam
573 1554 660 1619 facta
677 1553 778 1619 Poeni
800 1577 897 1620 naves
920 1557 1009 1640 duas,
1033 1578 1114 1639 quae
1134 1570 1150 1620 '1

114 1669 189 1711 eum
212 1644 527 1728 comprehenderent,
550 1643 578 1707 si
600 1647 735 1726 possent
758 1643 926 1728 consequi,
949 1645 1116 1729 misenmt,

113 1736 202 1798 bona
229 1734 297 1797 eius
324 1732 544 1816 publicarunt,
574 1731 704 1795 domum
732 1753 751 1796 a
776 1730 994 1796 fundamentis
1023 1732 1115 1797 disis·

116 1825 238 1905 cenmt,
260 1822 367 1904 ipsum
389 1821 515 1884 exulem
537 1819 728 1884 iudicarunt.

204 1908 251 1973 At
272 1908 435 1972 Hannibal
459 1930 542 1973 anno
567 1911 695 1992 quarto,
724 1911 898 1992 postquam
925 1907 1020 1972 domo
1043 1908 1153 1991 pro-8

102 1997 253 2082 fugerat,
275 1997 311 2062 L.
326 1995 475 2063 Cornelio
495 1994 688 2072 quinceio
712 1996 907 2080 oonsulibus,
930 2018 1003 2061 cum
1026 1997 1116 2080 quin-

116 2109 178 2170 que
200 2086 336 2150 navibus
350 2084 497 2150 Africam
520 2085 657 2149 accessit
679 2086 714 2148 in
735 2085 854 2149 finibus
868 2083 1116 2169 Cyrenaeorum,

116 2176 144 2240 si
171 2174 255 2240 forte
283 2173 573 2258 Karthaginienses
600 2175 644 2237 ad,
669 2174 791 2238 bellum
822 2173 972 2237 inducere
1002 2177 1116 2257 posset

115 2263 271 2328 Antiochi
294 2285 351 2346 spe
372 2261 561 2346 fiduciaque,
593 2261 645 2326 cui
666 2261 732 2325 iam
755 2265 960 2344 persuaserat
981 2265 1019 2324 ut
1043 2283 1115 2325 cum

115 2353 310 2416 exercItibus
333 2351 368 2414 in
390 2349 521 2415 Italiam
549 2349 816 2433 proficisceretur.
856 2347 920 2413 huc
942 2348 1115 2432 Magonem

114 2441 251 2505 fratrem
274 2439 400 2503 excivit.
444 2439 478 2502 id
499 2438 556 2502 ubi
578 2436 680 2502 Poeni
702 2437 913 2520 resciverunt,
942 2434 1115 2521 Magonem
1134 2451 1150 2501 2

115 2531 241 2612 eadem,
265 2550 328 2611 qua
350 2526 498 2610 fratrem,
521 2528 688 2591 absentem
711 2523 886 2589 affecerunt
907 2545 1020 2608 poena.
1065 2525 1115 2588 illi

116 2617 293 2702 desperatis
320 2616 416 2680 rebus
440 2638 513 2680 cum
543 2615 716 2680 solvissent
736 2635 834 2678 naves
857 2634 894 2676 ac
916 2613 988 2677 vela
1009 2613 1114 2678 ventis

115 2706 294 2790 dedissent,
315 2703 481 2768 Hannibal
504 2704 545 2768 ad
566 2702 765 2767 Antiochum
786 2701 942 2784 pervenit.
987 2702 1026 2766 de
1048 2700 1116 2766 Ma·

116 2796 210 2879 gonis
237 2793 372 2857 interitu
398 2793 516 2875 duplex
542 2791 698 2855 memoria
726 2790 855 2873 prodita
877 2794 941 2854 est:
975 2812 1115 2873 namque

61 2957 62 2963 ἵ
117 2883 173 2946 alii
198 2881 382 2965 naufragio,
410 2880 466 2943 alii
488 2903 508 2945 a.
531 2879 665 2945 servulis
687 2879 790 2961 ipsius
813 2877 1019 2943 interfectum
1042 2900 1115 2942 eum

114 2969 504 3124 ssltllutlfttffi·
525 2967 732 3140 Atlfltl.
745 2970 1149 3143 ³llld..⁸.¹s‚‘³ll.¹lgd³

115 3145 318 3230 suscipiendo
342 3144 539 3229 instituerat,
561 3144 694 3228 propius
712 3142 822 3206 Tiberi
845 3163 942 3224 quam
964 3143 1000 3204 c'a
1017 3141 1115 3204 Ther-

114 3235 255 3319 mopylis
288 3234 327 3297 de
359 3253 485 3295 summa
514 3233 643 3315 imperii
677 3231 870 3295 dimicasset.
925 3250 1020 3312 quem
1052 3229 1114 3293 etsi

114 3325 219 3388 multa
242 3322 342 3386 stulte
364 3318 475 3383 conari
497 3319 639 3404 videbat,
668 3324 778 3383 tamen
804 3318 894 3381 nulla
917 3317 1058 3381 deseruit
1080 3317 1115 3381 in

113 3435 157 3478 re.
193 3409 335 3496 praefuit
353 3407 463 3492 paucis
481 3408 627 3492 navibus,
650 3429 729 3491 quas
748 3428 787 3470 ex
806 3403 900 3489 Syria
918 3405 1025 3469 iussus
1044 3409 1151 3470 erate

112 3502 149 3565 in
171 3498 285 3564 Asiam
308 3498 431 3581 ducere,
454 3495 557 3579 iisque
580 3497 731 3561 adversus
754 3493 955 3562 Rhodiorum
979 3494 1115 3559 classem
