2528 4042
150 173 191 236 70
466 161 550 218 XVII.
569 160 772 218 sessurus
800 169 825 220 8.

146 311 262 399 ignoti,
293 308 410 374 faciem
437 308 505 373 eius
533 330 606 373 cum
636 307 851 393 intuerentur,
878 308 1141 391 contemnebant3

147 400 200 483 qui
223 402 332 463 autem
358 397 496 462 virtutes
523 401 693 480 noverant,
719 417 785 460 non
810 399 961 480 poterant
988 395 1141 462 admirari

111 506 127 555 2
146 487 234 551 satie.
267 485 353 570 quod
371 485 400 550 ei
418 507 479 549 usu
497 485 593 568 uenit,
617 506 690 548 cum
708 504 866 548 annorum
885 485 1051 570 octoginta
1069 484 1141 548 sub-

145 575 228 639 sidio
246 573 355 639 Tacho
378 574 413 637 in
429 571 616 657 Aegyptum
637 572 750 636 missas
768 576 854 637 esset
873 577 906 637 et
924 573 959 636 in
976 577 1049 638 eota
1069 593 1141 636 cum

145 664 213 728 suis
240 662 442 728 accubuisset
469 660 537 724 sine
563 659 630 722 ullo
658 662 746 722 tecto
776 664 979 745 stratumque
1007 660 1142 724 haberet

144 752 225 836 tale,
251 755 289 816 ut
315 753 402 815 terra
428 751 515 812 tecta
542 750 628 810 esset
655 749 842 811 stramentis
865 771 970 831 neque
992 748 1056 813 huc
1079 769 1141 812 am·

144 841 230 923 plius
258 858 354 920 quam
380 834 474 919 pellis
502 837 589 898 esset
615 833 746 918 iniecta,
774 834 887 900 eodem
914 857 979 919 quo
1007 836 1141 901 comites

145 948 256 992 omnes
278 923 399 988 vestitu
420 921 537 986 humili
560 926 657 1006 atque
680 923 837 1007 obsoleto,
859 927 897 987 ut
920 946 1032 988 eorum
1053 945 1142 988 orna-

144 1019 198 1079 tus
220 1034 285 1076 non
307 1010 402 1075 modo
425 1010 524 1074 ineis
547 1032 657 1095 regem
674 1011 836 1076 neminem
854 1012 1064 1096 significaret,
1089 1011 1142 1076 sed

144 1100 290 1164 homines
313 1118 461 1164 essenon
487 1099 694 1164 beatissimos
725 1099 941 1183 suspicionem
963 1101 1143 1182 praeberet.

108 1188 238 1253 abuius
266 1187 305 1251 de
332 1187 471 1251 adventu
497 1186 585 1250 fama
612 1208 685 1251 cum
707 1187 748 1251 ad
770 1188 877 1272 regios
900 1192 986 1253 esset
1008 1188 1143 1272 perlata,

144 1275 292 1340 celeriter
313 1295 447 1338 munera
469 1295 507 1338 eo
530 1274 684 1358 cuiusque
707 1275 834 1359 generis
854 1280 930 1340 sunt
949 1276 1056 1340 allata.
1092 1276 1143 1341 his

145 1363 372 1447 quaerentibus
386 1360 577 1446 Agesilaum
594 1362 648 1425 vix
665 1362 744 1425 fides
767 1362 853 1427 facta
873 1369 931 1446 est,
954 1386 1054 1428 unum
1073 1385 1144 1429 esse

108 1466 182 1516 sex
213 1451 253 1514 iis
290 1449 346 1533 qui
375 1452 446 1514 tum
473 1449 681 1514 accubabant.
737 1450 792 1531 qui
819 1472 892 1514 cum
920 1452 1006 1534 regis
1034 1453 1144 1517 verbis

144 1560 225 1623 quae
253 1539 431 1602 attulerant
462 1537 638 1622 dedissent,
669 1537 724 1601 ille
755 1541 883 1620 praeter
910 1538 1082 1602 vitulinam
1112 1544 1146 1605 et

144 1628 212 1693 eius
235 1626 323 1690 modi
346 1647 464 1712 genera
487 1625 623 1710 obsonii,
646 1646 727 1709 quae
745 1646 896 1708 praesens
915 1627 1042 1709 tempus
1062 1626 1146 1690 desi-

145 1715 287 1799 derabat,
304 1714 388 1779 nihil
406 1715 544 1799 accepit:
566 1717 740 1799 unguenta,
759 1734 893 1779 coronas
908 1713 1146 1797 secundamque

110 1819 290 1868 emensam
317 1803 418 1868 servis
446 1802 622 1886 dispertiit,
653 1806 761 1867 cetera
786 1801 900 1867 referri
930 1801 1034 1865 iussit.
1080 1824 1145 1885 quo

144 1892 231 1956 facto
255 1914 328 1956 eum
350 1892 481 1956 barbari
503 1891 608 1975 magis
631 1891 732 1954 etiam
754 1894 1030 1973 contempserrmt,
1058 1891 1145 1973 quod

146 2001 219 2044 eum
232 1979 419 2064 ignorantia
431 1979 590 2042 bonarum
604 2000 712 2042 rerum
726 1977 804 2042 vilia
817 1978 1024 2061 potissimum
1039 1999 1146 2062 sump

146 2068 226 2132 sisse
250 2067 500 2131 arbitrabantur.

111 2171 127 2220 s
232 2154 296 2219 Hic
315 2175 387 2218 cum
406 2176 445 2218 ex
457 2152 609 2238 Aegypto
628 2156 851 2238 reverteretur,
874 2154 1011 2218 donatus
1031 2175 1050 2217 a
1069 2175 1145 2240 rege

145 2241 366 2308 Nectanabide
386 2241 531 2307 ducentis
549 2241 666 2326 viginti
684 2242 827 2326 talentis,
850 2263 932 2324 quae
950 2241 1005 2306 ille
1020 2243 1146 2307 muneri

145 2331 265 2415 populo
289 2352 347 2395 suo
370 2330 470 2415 daret,
491 2328 695 2413 venissetque
716 2331 752 2394 in
768 2334 909 2414 portum,
932 2329 988 2413 qui
1007 2329 1146 2395 Menelai

146 2424 293 2504 vocatur,
315 2420 423 2484 iacens
446 2419 532 2482 inter
555 2416 696 2501 Cyrenas
720 2422 753 2483 et
775 2417 977 2504 Aegyptum,
1005 2417 1040 2482 in
1063 2440 1146 2483 mor·

112 2508 224 2572 tbum
246 2507 423 2591 implicitus
447 2505 592 2571 decessit.
626 2507 673 2571 ibi
692 2529 765 2571 eum
788 2507 893 2590 amici,
915 2527 978 2590 quo
994 2503 1146 2589 Spartam

145 2594 272 2658 facilius
295 2594 436 2678 perferre
453 2598 595 2678 possent,
618 2595 704 2678 quod
718 2595 782 2660 mel
795 2617 861 2659 non
877 2594 1050 2680 habebant,
1073 2617 1146 2661 cera

147 2682 419 2747 circumfuderunt
442 2686 538 2765 atque
561 2683 609 2746 ita
632 2682 763 2747 domum
782 2682 987 2747 rettulerunt.

452 2982 582 3059 XVIH.
609 2982 847 3057 EUMENES.

114 3123 131 3187 1
234 3119 395 3185 Eumenes
423 3119 609 3187 Cardianus.
653 3121 749 3186 huius
778 3121 807 3185 si
834 3122 949 3187 virtuti
980 3145 1040 3207 par
1071 3124 1148 3188 data

147 3212 234 3274 esset
255 3208 399 3293 fortuna,
422 3230 488 3274 non
509 3210 565 3274 ille
589 3209 718 3291 quidem
741 3210 844 3274 maior
866 3212 1038 3295 exstitisset,
1062 3212 1147 3296 quod

148 3318 282 3382 magnos
309 3297 457 3362 homines
486 3297 607 3362 virtute
634 3298 800 3383 metimur,
826 3320 893 3363 non
918 3298 1063 3384 fortuna,
1094 3300 1149 3366 sed

112 3386 250 3450 rmulto
282 3385 442 3450 illustrior
469 3389 566 3468 atque
594 3385 694 3450 etiam
724 3386 923 3452 honoratior.
972 3410 1048 3451 nam
1076 3410 1149 3453 cum

106 3547 111 3565 Ι,
148 3475 237 3536 aetas
261 3473 329 3536 eius
352 3473 520 3538 incidisset
537 3474 572 3537 in
590 3495 628 3538 ee
645 3478 803 3562 tempora,
826 3476 942 3559 quibus
957 3474 1148 3542 Macedones
