2528 4042
385 189 406 243 1.
430 186 632 242 MILTIADES.
662 194 737 242 1-3.
1042 188 1063 248 3

59 336 149 398 tenet
162 331 302 396 Athenis
321 332 610 417 proficiscentibus.
636 331 800 396 Miltiades
819 332 966 397 morandi
984 335 1063 396 tem·
1082 347 1098 395 o

57 443 119 506 pus
145 442 212 486 non
238 421 363 484 habens
391 441 521 484 cursum
549 420 680 503 direxit,
707 441 770 503 quo
798 421 963 506 tendebat,
994 443 1063 504 per·

56 509 217 592 venitque.
233 506 479 573 Chersonesum.

144 596 197 660 Ibi
210 597 303 661 brevi
317 601 462 680 tempore
476 596 689 661 barbarorum
704 596 806 680 copiis
821 596 973 680 disiectis,
991 600 1063 662 tota
1080 595 1103 660 2

56 685 206 771 regione,
230 706 325 767 quam
347 685 502 769 petierat,
523 684 663 768 potitus,
689 685 762 748 loca
784 684 926 749 castellis
949 684 1063 749 idonea

57 772 262 856 communiit,
275 773 526 857 multitudinem,
540 794 637 857 quam
651 794 760 838 secum
774 773 917 856 duxerat,
931 772 965 836 in
975 773 1062 857 agris

58 861 234 928 collocavit
251 861 435 944 crebrisque
450 861 691 925 excursionibus
710 861 929 945 locupletarit.
958 882 1061 944 neque
1081 874 1098 922 a

59 950 169 1014 minus
191 949 224 1012 in
247 970 285 1014 ea
307 969 341 1013 re
364 949 537 1033 prudentia
560 971 657 1032 quam
679 949 836 1014 felicitate
856 950 984 1014 adiutus
1003 953 1062 1013 est.

61 1059 136 1101 nam
156 1058 227 1102 cum
240 1036 362 1101 virtute
382 1037 524 1101 militum
543 1036 713 1101 devicisset
730 1038 875 1102 hostium
894 1037 1063 1120 exercitus,

60 1147 185 1191 summa
217 1125 383 1208 aequitate
415 1146 467 1189 res
500 1125 672 1190 constituit
703 1128 800 1208 atque
836 1126 906 1209 ipse
941 1126 1062 1190 ibidem

58 1234 187 1278 manere
211 1212 361 1278 decrevit.
394 1213 572 1277 eratenim
594 1213 681 1277 inter
703 1234 757 1278 eos
781 1214 940 1299 dignitate
963 1215 1095 1300 regias

58 1323 256 1385 quamquam
284 1301 415 1365 carebat
442 1301 584 1385 nomine,
610 1323 714 1385 neque
741 1302 775 1367 id
796 1302 902 1454 magis
925 1303 1061 1387 imperio

59 1411 159 1473 quam
184 1389 313 1453 iustitia
340 1392 540 1454 consecutus
575 1411 678 1473 neque
701 1412 739 1455 eo
762 1393 813 1454 set
814 1390 864 1455 ius
887 1390 1061 1456 Athenien-

61 1477 158 1561 sibus,
181 1477 337 1560 aquibus
356 1480 426 1541 erat
443 1477 569 1560 profect
570 1499 617 1560 us,
641 1476 748 1569 officia
766 1479 961 1562 praestabat.
994 1480 1061 1563 qui-

59 1565 118 1631 bus
139 1528 236 1630 iebus
254 1565 356 1629 fiebat
373 1569 411 1629 ut
429 1586 495 1629 non
512 1566 618 1629 minus
638 1560 750 1631 eorum
767 1567 934 1631 voluntate
902 1572 1062 1650 te·perpe

58 1654 180 1718 tuum
170 1653 344 1736 rmperium
359 1652 522 1717 obtineret
523 1654 605 1736 ,qui
623 1654 787 1737 miserant,
806 1675 904 1734 quam
921 1654 1061 1738 illorum,

58 1764 132 1807 cum
151 1741 270 1824 quibus
289 1744 359 1805 erat
376 1705 550 1824 profectui.
582 1739 782 1806 Chersoneso
802 1741 860 1804 tali
879 1742 974 1804 modo
990 1763 1061 1806 con·
1079 1754 1096 1802 4

60 1830 181 1895 stituta
206 1827 363 1893 Lemnum
395 1829 569 1893 revertiurt
596 1833 629 1892 et
656 1851 694 1893 ex
723 1832 819 1911 pacto
851 1830 997 1914 postulat
1023 1834 1061 1894 ut

61 1917 125 1982 sibi
152 1916 265 1980 urbem
290 1907 435 1981 tradant:
473 1917 535 1996 [illi
563 1918 649 1982 enim
676 1917 836 2001 dixerant,
864 1940 937 1983 cum
963 1922 1060 1984 vento

60 2006 159 2070 borea
182 2005 277 2069 domo
299 2000 464 2088 profectus
488 2027 525 2071 eo
548 2007 760 2091 pervenisset,
787 2028 857 2071 sese
880 2007 968 2072 dedit
954 2010 1058 2090 turos]

58 2115 93 2159 ss
115 2094 199 2158 enim
221 2093 352 2158 domum
375 2091 568 2159 Chersonesi
594 2094 721 2159 hebere.
766 2093 879 2179 Cares,
907 2096 962 2179 qui
989 2100 1095 2161 turno

56 2181 217 2246 Lemnum
240 2181 496 2263 incolebant,t
464 2182 526 2246 etsi
548 2187 641 2266 praet
642 2205 677 2247 er
700 2183 884 2266 opinionem
907 2205 959 2247 res
982 2185 1060 2249 ceci-

56 2271 163 2354 derat,
191 2273 302 2333 tamen
327 2291 394 2334 non
420 2231 507 2334 dicto
511 2270 604 2354 ,sed
631 2271 769 2335 secunda
796 2270 926 2334 fortuna
953 2272 1060 2335 adver-

57 2359 219 2424 sariorum
247 2357 334 2441 capti
356 2357 506 2422 resistere
535 2358 605 2421 ausi
629 2379 696 2422 non
723 2360 799 2421 sunt
826 2361 923 2439 atque
949 2378 987 2420 er
1013 2358 1059 2421 in-

58 2448 129 2511 sula
148 2445 379 2530 demigranmt.
410 2446 481 2529 pari
499 2445 654 2510 felicitate
678 2447 800 2508 ceteras
823 2444 954 2528 insulas,
977 2467 1058 2528 quae

59 2533 215 2618 Cyclades
241 2533 464 2617 nominantur,
495 2535 554 2598 sub
577 2532 826 2597 Atheniensium
853 2533 978 2619 redegit
1004 2557 1059 2618 po-

59 2625 220 2687 testatem.

146 2709 279 2775 Eisdem
301 2710 502 2793 temporibus
521 2708 694 2773 Persarum
711 2731 768 2773 rex
785 2708 905 2774 Darius
924 2733 963 2775 ex
978 2711 1059 2776 Asia
1076 2707 1097 2772 3

58 2797 94 2862 in
115 2797 280 2882 Europam
308 2798 450 2864 exercitu
476 2797 612 2861 traiecto
638 2795 768 2880 Scythis
795 2798 917 2862 bellum
939 2799 1057 2865 inferre

57 2886 207 2952 decrerit.
247 2889 381 2970 pontem
403 2885 482 2950 iecit
504 2885 538 2949 in
560 2884 675 2949 Histro
698 2885 838 2970 flumine,
862 2908 925 2969 qua
948 2889 1057 2971 copias

54 2977 248 3041 traduceret.
294 2974 363 3038 eius
390 2974 513 3057 pontis,
541 2974 617 3037 dum
643 2974 712 3056 ipse
741 2975 880 3058 abesset,
908 2976 1057 3040 custodes

54 3063 190 3147 reliquit
219 3062 394 3146 principes,
426 3083 506 3144 quos
537 3083 645 3126 secum
674 3083 713 3125 ex
742 3060 834 3126 Ionia
862 3067 895 3125 et
921 3061 1056 3127 Aeolide

54 3154 205 3234 duxerat,
234 3150 350 3234 quibus
374 3150 574 3234 singularum
595 3149 726 3213 urbium
747 3154 903 3233 perpetua
926 3151 1057 3214 dederat

53 3240 201 3324 imperia
238 3239 284 3303 sic
308 3237 393 3301 enim
415 3237 568 3302 facillime
590 3260 634 3321 pu
636 3238 719 3301 tavit
742 3258 776 3301 se
800 3236 922 3302 Graeca
944 3237 1090 3322 linguar

53 3328 240 3412 loquentes,
264 3326 319 3409 qui
342 3324 455 3388 Asiam
477 3326 670 3408 incolerent,
693 3325 752 3389 sub
776 3347 833 3389 sua
856 3329 961 3388 retent
962 3347 1056 3391 urum

54 3418 234 3501 potestate,
266 3415 295 3479 si
323 3412 434 3477 amicis
465 3413 531 3477 suis
564 3414 727 3496 oppidat
713 3414 830 3477 tuenda
861 3412 1056 3499 tradidisset,

55 3504 175 3589 quibus
203 3523 237 3568 se
265 3522 418 3586 oppresso
445 3500 535 3564 nulla
566 3523 639 3584 spes
670 3501 783 3567 salutis
813 3501 1056 3584 relinqueretur.

863 3604 897 3657 10
