2528 4042
144 191 188 255 60
418 188 478 246 XV.
496 187 770 254 EPAMINONDAS.
798 197 823 246 7.
843 196 867 244 8.

108 335 128 400 l
230 333 345 399 Fuisse
377 335 558 419 patientem
590 356 787 419 suorumque
823 333 958 400 iniurias
989 333 1153 399 ferentem

144 423 272 507 civium,
295 423 381 508 quod
404 445 439 489 se
458 424 584 508 patriae
603 424 701 489 irasci
717 423 808 488 nefas
823 444 893 489 esse
911 423 1053 507 duceret,
1070 423 1152 488 haec

144 515 221 575 sunt
239 512 437 577 testimonia
475 534 549 576 cum
567 533 640 575 enm
663 515 799 595 propter
820 511 976 577 invidiam
994 511 1082 576 cives
1102 511 1151 576 sui

143 601 318 684 praeficere
346 600 501 665 exercitui
526 599 709 663 noluissent
736 599 864 683 duxque
892 603 978 666 esset
1006 599 1154 665 delectus

143 688 223 753 belli
245 689 430 773 imperitus,
453 687 544 753 cuius
567 708 676 750 errore
698 707 747 752 res
769 709 807 752 eo
831 691 919 753 esset
941 687 1094 772 deducta,
1115 691 1154 752 ut

145 797 256 842 omnes
289 777 327 840 de
358 777 462 840 salute
493 774 772 859 pertimescerent,
805 775 892 858 qnod
923 777 1070 841 locorum
1101 797 1155 841 an·

144 866 262 952 gustiis
295 864 396 928 clausi
428 863 469 927 ab
505 863 657 928 hostibus
689 862 940 948 obsidebantur,
977 863 1153 928 desiderari

145 956 260 1035 coepta
283 955 333 1014 est
351 950 596 1034 Epaminondae
619 950 802 1037 diligentia:
825 954 896 1015 erat
914 951 1002 1016 enim
1024 952 1072 1015 ibi
1091 952 1156 1036 pri·

108 1057 125 1105 2
144 1044 239 1105 vatus
261 1060 396 1103 numero
416 1040 541 1105 militis.
574 1061 673 1124 aquo
694 1062 767 1105 cum
789 1042 939 1122 peterent
958 1061 1063 1124 opem,
1085 1041 1154 1106 nul·

144 1128 210 1190 lam
234 1127 384 1192 adhibuit
406 1129 598 1193 memoriam
616 1127 831 1193 contumeliae
850 1131 884 1192 et
902 1127 1082 1192 exercitum
1101 1129 1152 1194 ob
1192 1204 1194 1209 Ι

109 1231 125 1278 3
144 1214 268 1280 sidione
286 1215 462 1281 liberatum
476 1217 608 1281 domum
627 1216 755 1280 reduxit
772 1217 977 1281 incolumem
1002 1238 1156 1281 necuere

143 1301 206 1366 hoc
237 1304 336 1368 semel
366 1303 458 1388 fecit,
490 1303 547 1368 sed
583 1303 720 1386 saepius.
776 1305 916 1368 maxime
948 1307 1058 1368 autem
1092 1304 1154 1369 fuit
1190 1310 1194 1427 ⁴

72 1415 76 1423 ·
144 1389 281 1475 illustre,
304 1413 378 1456 cum
396 1392 431 1456 in
448 1391 708 1475 Peloponnesum
731 1393 909 1456 exercitum
932 1393 1079 1457 duxisset
1103 1392 1154 1457 ad·

144 1499 257 1544 versus
278 1478 551 1545 Lacedaemonios
574 1479 773 1562 haberetque
796 1479 938 1563 collegas
963 1479 1054 1562 duos,
1078 1503 1154 1564 qno
1191 1442 1194 1609 l

144 1589 217 1631 rum
240 1568 324 1633 alter
347 1572 419 1633 erat
440 1567 627 1651 Pelopidas,
653 1566 704 1632 vir
730 1564 827 1630 fortis
850 1587 888 1631 ac
911 1570 1073 1631 strenuus.
1121 1567 1155 1632 hi

145 1677 219 1721 eum
242 1656 433 1722 criminibus
457 1656 716 1722 adversariorum
738 1675 850 1719 omnes
872 1655 908 1718 in
929 1654 1085 1718 invidiam
1105 1678 1157 1720 ve

145 1745 272 1810 nissent
295 1746 337 1811 ob
360 1767 495 1828 eamque
519 1766 588 1809 rem
606 1743 779 1828 imperium
797 1743 838 1807 iis
853 1745 939 1807 esset
957 1743 1157 1828 abrogatum

147 1837 246 1916 atque
278 1834 313 1898 in
344 1855 456 1898 eorum
487 1834 596 1898 locum
627 1832 684 1897 alii
715 1835 882 1916 praetores
914 1830 1156 1915 successissent,

110 1920 390 2003 tEpaminondas
413 1921 527 2005 populi
550 1921 633 1986 seito
655 1941 723 1984 non
744 1920 856 2002 paruit
878 1918 1026 2002 idemque
1049 1922 1089 1982 ut
1112 1919 1155 1984 fa·
1192 1960 1194 1995 ;

147 2012 257 2071 cerent
278 2009 442 2090 persuasit
464 2008 599 2093 collegis
622 2010 657 2071 et
678 2007 814 2091 bellum,
844 2006 931 2090 quod
959 2011 1154 2091 susceperat,

147 2095 257 2179 gessit.
291 2116 431 2178 namque
450 2094 738 2177 animadvertebat,
755 2094 820 2159 nisi
838 2094 871 2158 id
889 2093 1029 2180 fecisset,
1049 2099 1154 2160 totum

147 2182 324 2247 exercitum
346 2186 481 2267 propter
503 2185 690 2266 praetorum
708 2182 961 2266 imprudentiam
979 2184 1154 2248 inscitiam-

111 2284 209 2355 eque
241 2271 320 2335 belli
351 2271 541 2355 periturum
585 2271 639 2334 lex
666 2275 742 2334 erat
768 2269 903 2355 Thebis,
936 2293 1018 2355 quae
1050 2276 1154 2337 morte

147 2359 323 2444 multabat,
347 2359 376 2424 si
399 2359 471 2444 quis
494 2358 669 2442 imperium
691 2358 813 2424 diutius
836 2359 1035 2443 retinuisset,
1059 2381 1154 2443 quam

146 2447 219 2534 lege
249 2448 458 2532 praefinitum
485 2446 580 2513 foret.
624 2447 708 2512 hanc
735 2447 978 2531 Epaminondas
1007 2470 1082 2513 cum
1110 2447 1154 2513 rei

147 2534 296 2618 publicae
320 2535 557 2600 conservandae
580 2557 679 2600 causa
700 2536 803 2600 latam
826 2536 966 2620 videret,
988 2536 1030 2599 ad
1052 2537 1155 2620 perni-

148 2621 230 2685 ciem
258 2623 401 2687 civitatis
429 2623 569 2688 conferri
600 2623 708 2689 noluit
739 2627 773 2688 et
802 2627 958 2707 quattuor
991 2625 1154 2690 mensibus

148 2708 279 2792 diutius,
303 2732 400 2792 quam
423 2711 563 2794 populus
586 2711 736 2796 iusserat,
759 2711 863 2798 gessit
886 2711 1069 2795 imperium.

113 2795 133 2861 8
236 2795 417 2879 Postquam
440 2798 572 2863 domum
594 2800 739 2865 reditum
760 2803 819 2883 est,
842 2800 986 2885 collegae
1006 2801 1075 2866 cius
1096 2801 1156 2866 hoc

148 2884 282 2949 crimine
301 2885 547 2951 accusabantur.
580 2888 698 2970 quibus
717 2887 774 2950 ille
794 2887 954 2972 permisit,
975 2892 1014 2952 ut
1028 2910 1156 2955 omnem

148 2993 280 3038 causam
302 2973 337 3036 in
360 2994 394 3037 se
418 2973 634 3039 transferrent
657 2996 779 3057 suaque
808 2996 906 3058 opera
933 2975 1059 3041 fectum
1087 3000 1157 3044 con·

148 3061 327 3145 tenderent,
349 3064 388 3125 ut
405 3061 472 3147 legi
488 3084 556 3127 non
574 3063 772 3128 oboedirent
809 3085 873 3146 qua
887 3063 1073 3130 defensioue
1092 3067 1156 3131 illis

148 3149 292 3233 periculo
325 3149 473 3214 liberatis
505 3171 601 3214 nemo
635 3150 896 3233 Epaminondam
927 3175 1158 3237 responsurum

110 3238 301 3321 reputabat,
324 3238 410 3321 quod
438 3237 516 3321 quid
543 3238 664 3303 diceret
695 3260 763 3303 non
789 3240 933 3305 haberet.
979 3245 1015 3305 at
1041 3243 1099 3308 ille
1126 3243 1158 3308 in

148 3325 305 3390 iudicium
327 3326 429 3410 venit,
459 3325 543 3390 nihil
571 3347 683 3390 eorum
705 3329 850 3413 negavit,
878 3350 960 3412 quae
982 3329 1158 3397 adversarii

149 3413 278 3478 crimini
301 3413 432 3497 debant,
456 3414 636 3499 omniaque,
656 3437 738 3499 quae
753 3417 896 3503 collegae
910 3416 1069 3504 dixerant,
1088 3441 1158 3486 con-

148 3496 255 3565 fessus
286 3505 337 3566 est
367 3524 472 3587 neque
505 3503 668 3568 recusavit
701 3505 873 3588 quominus
905 3505 989 3590 legis
1020 3528 1158 3591 poenam
