2528 4042
360 182 445 240 XVII.
465 182 672 239 AGESILAUS.
699 192 724 240 3.
743 192 768 240 l.
1023 187 1064 250 67

64 329 120 414 qui
144 329 260 394 ceteris
282 329 539 413 praestitissent,
562 351 616 393 111
640 330 767 415 magnis
791 329 936 395 afficeret
958 353 1066 396 mune

62 419 163 482 ribus.
203 417 255 481 his
278 418 380 503 igitur
402 417 498 481 rebus
522 416 628 481 effecit
650 422 688 481 ut
710 421 744 481 et
767 419 1010 483 ornatissimum
1033 424 1066 485 et

62 505 371 571 exercitatissimum
397 505 532 569 haberet
559 505 744 570 exercitum.
787 506 863 570 huic
886 528 959 571 cum
987 512 1101 572 tem-l

60 615 123 681 pus
156 597 245 657 esset
275 594 383 657 risum
415 593 523 676 copias
562 594 729 658 extrahere
764 616 803 659 ex
837 594 1066 680 hibernaculis,

60 682 155 766 vidit,
178 682 216 765 si,
240 702 303 764 quo
325 684 411 745 esset
428 681 493 745 iter
510 679 665 765 facturus,
686 681 795 765 palam
813 683 1064 767 pronuntiasset,

59 772 176 836 hostes
190 791 257 833 non
270 769 448 834 credituros
463 769 607 852 aliasque
625 769 773 854 regiones
787 770 957 853 praesidiis
977 791 1066 835 occu-

60 863 198 944 paturos
217 878 322 940 neque
341 857 547 921 dubitaturos
566 857 654 921 aliud
672 879 745 921 eum
763 857 977 923 facturumue
994 880 1066 942 pro-

60 946 256 1012 nuntiasset
292 945 402 1028 itaque
422 967 495 1009 cum
512 944 568 1009 illc
588 943 698 1009 Sardis
720 946 843 1010 iturum
866 968 900 1012 se
923 945 1066 1030 dixisset,
1084 960 1101 1010 5

62 1033 295 1117 Tissaphernes
314 1033 448 1098 eandem
463 1031 591 1098 Cariam
610 1032 841 1098 defendendam
858 1035 995 1118 putavit.
1031 1035 1066 1099 in

62 1144 129 1207 quo
152 1143 225 1186 cum
248 1142 321 1185 eum
344 1121 453 1205 opinio
476 1119 646 1185 fefellisset
668 1121 852 1205 rictumque
876 1144 910 1188 se
931 1123 1067 1188 vidisset

61 1209 209 1294 consilio,
232 1231 304 1273 sero
328 1209 395 1273 suis
418 1207 580 1292 praesidio
602 1208 767 1293 profectus
791 1214 849 1274 est.
893 1232 970 1275 nam
993 1233 1065 1276 cum

60 1299 121 1363 illo
149 1297 304 1381 venisset,
330 1297 397 1360 iam
423 1295 597 1382 Agesilaus
625 1298 737 1362 multis
764 1298 845 1362 locis
873 1299 1066 1384 expugnatis

61 1406 184 1470 magna
205 1389 276 1450 erat
298 1385 418 1468 praeda
439 1385 574 1468 potitus.
608 1384 694 1451 Laco
714 1390 823 1452 autem
847 1407 920 1451 cum
942 1386 1101 1453 videreta

61 1474 178 1538 hostes
191 1474 340 1556 equitatu
358 1495 519 1557 superare,
536 1494 714 1557 numquam
731 1475 766 1538 in
785 1496 898 1558 campo
918 1475 969 1539 sui
987 1475 1067 1540 fecit

63 1564 263 1646 potestatem
286 1565 319 1625 et
341 1560 383 1625 iis
406 1561 487 1626 locis
509 1583 642 1626 manum
661 1563 833 1646 conseruit,
857 1563 973 1645 quihus
992 1562 1066 1646 plus

59 1649 228 1734 pedestres
252 1649 363 1732 copiae
385 1650 539 1713 valerent.
575 1650 701 1733 pepulit
719 1670 806 1735 crgo,
829 1650 1067 1732 quotienscum-

60 1759 124 1823 que
148 1758 340 1823 congressus
364 1740 423 1821 est,
446 1736 549 1801 multo
573 1738 711 1802 maiores
736 1737 993 1802 adversariorum
1016 1758 1067 1802 co·

57 1826 133 1911 pias
157 1829 192 1890 et
214 1826 260 1890 sic
283 1826 318 1889 in
334 1823 417 1889 Asia
438 1827 585 1889 versatus
609 1829 668 1909 est,
689 1828 728 1889 ut
750 1825 895 1889 omnium
915 1825 1066 1910 opinione

58 1914 167 1980 victor
190 1913 367 1979 duceretur.

150 2000 214 2066 Hic
247 2023 320 2066 cum
351 2002 418 2065 iam
451 2001 559 2066 animo
596 2002 808 2067 meditaretur
838 2001 1001 2087 proficisci
1031 2001 1106 2066 1114

59 2089 179 2155 Ρ11111
202 2094 236 2155 11
258 2091 365 2173 ipsum
384 2111 493 2176 regem
512 2090 641 2176 adoriri,
663 2091 797 2155 nuntius
816 2091 846 2155 ei
864 2090 959 2154 domo
976 2089 1066 2154 venit
1128 2088 1138 2103 ‘

60 2179 257 2263 ephororum
280 2179 390 2262 missu,
415 2177 538 2242 bellum
559 2176 774 2244 Athenienses
798 2181 832 2243 et
853 2178 996 2243 Boeotos
1018 2178 1066 2240 in·

61 2267 182 2332 dixisse
205 2264 483 2331 Lacedaemoniis:
507 2287 605 2349 quare
628 2267 799 2331 venirene
822 2266 996 2329 dubitaret.
1031 2264 1100 2329 ina

61 2354 124 2420 hoc
141 2375 208 2418 non
225 2355 332 2418 minus
351 2355 419 2418 eius
437 2354 542 2437 pietas
562 2353 765 2437 suspicienda
779 2357 830 2417 est
846 2373 944 2435 quam
961 2351 1065 2415 virtus

62 2442 197 2508 bellica:
221 2443 277 2526 qui
295 2464 368 2508 cum
386 2442 503 2506 victori
525 2444 691 2525 praeesset
709 2439 864 2505 exercitui
882 2439 1067 2503 maximam·

64 2552 129 2614 que
153 2530 289 2595 haberet
311 2530 462 2595 fiduciam
484 2529 576 2614 regni
598 2529 771 2594 Persarum
792 2527 951 2612 potiundi,
974 2529 1068 2592 tanta

64 2619 227 2684 modestia
258 2619 345 2684 dicto
378 2618 509 2683 audiens
540 2617 604 2682 fuit
632 2617 730 2682 iussis
759 2616 942 2682 absentium
968 2614 1068 2702 magi·

64 2710 243 2792 stratuum,
274 2712 312 2772 ut
339 2707 367 2772 si
398 2707 545 2790 privatus
576 2705 611 2770 in
642 2704 774 2771 comitio
807 2709 894 2770 esset
921 2702 1067 2789 Spartae.
1190 2750 1193 2756 .

64 2794 157 2859 cuius
180 2796 362 2879 exemplum
385 2795 511 2859 utinam
537 2794 750 2878 imperatores
772 2795 877 2858 nostri
899 2793 991 2876 sequi
1013 2814 1066 2857 vo·

63 2881 216 2948 luissent!
241 2883 297 2948 sed
319 2884 397 2948 illuc
415 2883 590 2948 redeamus.
626 2881 798 2969 Agesilaus
818 2879 1099 2965 opulentissimos

62 2989 164 3056 regno
179 2971 369 3055 praeposuit
382 2971 502 3036 bonam
520 2969 794 3035 existimationem
812 2970 980 3051 multoque
998 2968 1066 3051 glo-

62 3058 182 3124 riosius
206 3059 312 3142 duxit,
334 3059 363 3122 si
385 3058 547 3124 institutis
569 3059 695 3142 patriae
716 3058 894 3142 paruisset,
917 3076 1014 3139 quam
1037 3053 1066 3118 si

62 3146 150 3213 ballo
174 3151 360 3232 superasset
381 3145 504 3211 Asiam.
540 3147 600 3211 hac
622 3147 724 3232 igitur
747 3149 854 3210 mente
876 3143 1101 3226 Hellespon-4

63 3237 135 3300 tum
163 3235 273 3319 copias
301 3234 431 3299 traiecit
458 3239 613 3318 tantaque
636 3256 714 3299 usus
738 3238 789 3298 est
811 3232 990 3314 celeritate,
1019 3234 1065 3314 ut,

63 3323 151 3408 qnod
173 3324 236 3388 iter
253 3323 375 3388 Xerxes
399 3343 482 3387 anno
506 3326 652 3388 vertente
676 3321 867 3404 confecerat,
887 3318 941 3383 hic
963 3322 1066 3382 trans-

61 3410 140 3476 ierit
168 3412 305 3498 triginta
329 3411 451 3476 diebus.
483 3431 557 3474 cum
574 3411 640 3475 iam
657 3410 744 3474 haud
762 3409 810 3473 ita
827 3409 923 3493 longe
937 3406 1066 3470 abesset
1084 3419 1100 3470 o

61 3521 82 3565 a
104 3499 343 3586 Peloponneso,
372 3499 531 3565 obsistere
558 3498 588 3561 11
616 3497 724 3563 conati
752 3500 827 3561 sunt
849 3494 1065 3561 Athenienses

870 3597 906 3655 ὅ*
