2528 4042
340 209 343 217 ·
432 209 479 265 vr.
498 209 702 268 nrsnunsa.
729 217 754 266 e.
773 215 798 265 4.
1073 212 1117 278 23

110 359 177 424 bus
195 357 257 422 dux
275 356 436 442 deligatur
454 355 495 420 ad
512 355 634 420 bellum
653 356 837 441 gerendum,
856 357 912 421 sed
929 357 973 423 sic
986 357 1118 444 scripta,

111 451 152 512 ut
174 447 269 510 deum
290 445 453 510 videretur
476 464 650 530 congruere
674 443 861 527 sententiae,
885 466 982 527 quam
1004 446 1059 510 ille
1082 467 1116 512 se

111 534 302 599 habiturum
319 532 456 616 pecunia
472 531 573 596 fidens
591 553 658 596 non
671 532 844 596 dubitarat
877 531 1004 597 hancei
1019 535 1117 619 scrip

111 623 195 689 sisse
219 620 323 687 Cleon
343 619 586 685 Helicamasius
609 619 736 684 dicitur.

201 709 313 792 Atque
338 708 400 774 hoc
425 708 497 774 loco
524 729 590 772 non
617 712 667 772 est
698 708 966 791 praetereundum
993 707 1158 775 factum4

109 797 327 880 Pharnabazi,
349 797 487 880 satrapis
510 796 600 881 regii.
644 817 720 859 nam
743 818 816 861 cum
838 794 1004 880 Lysander
1026 817 1117 879 prae·

110 887 221 953 fectus
249 883 359 950 classis
386 884 421 948 in
446 884 532 948 bello
560 883 664 948 multa
691 884 862 949 crudeliter
889 905 1047 968 avareque
1073 883 1117 948 fa

115 976 218 1040 cisset
239 972 338 1057 deque
360 972 402 1037 iis
425 972 521 1036 robus
544 971 762 1055 suspicaretur
785 973 825 1036 ad
848 972 932 1038 cives
952 994 1027 1038 suos
1046 993 1116 1037 esse

114 1061 283 1147 perlatum,
300 1060 398 1145 petiit
416 1058 657 1124 aPharnabazo
671 1064 710 1124 ut
728 1060 768 1125 ad
787 1060 925 1144 ephoros
944 1061 1008 1125 sihi
1026 1060 1118 1125 testi·

112 1149 258 1214 monium
281 1149 382 1232 daret,
406 1152 527 1232 quanta
549 1147 722 1212 sanctitate
744 1149 867 1213 bellum
890 1149 1045 1234 gessisset
1068 1150 1118 1214 so·

110 1238 243 1321 ciosqua
276 1239 464 1337 tractasset,
495 1236 597 1319 deque
627 1256 665 1337 ea
695 1257 730 1300 re
763 1241 910 1339 accurate
943 1238 1117 1302 scriberet:

109 1346 268 1478 {stunt
288 1327 818 1496 tttoltlztlltttttmt
833 1325 1153 1500 {ldiellllilslgr

114 1500 227 1566 multis
249 1500 455 1584 conscripsit,
484 1500 518 1564 in
542 1501 658 1583 quibus
682 1501 816 1566 summis
840 1523 913 1566 eum
936 1501 1028 1566 effert
1050 1502 1117 1565 lau-

112 1589 217 1654 dibus.
245 1609 343 1672 quem
357 1610 430 1654 cum
443 1589 492 1653 hic
504 1588 639 1673 legisset
655 1589 898 1673 probassetque,
917 1590 993 1654 dum
1012 1589 1117 1673 signa·

109 1682 176 1762 tur,
198 1677 338 1742 alterum
356 1677 427 1760 pari
445 1676 666 1762 magnitudine
684 1681 714 1740 et
729 1679 822 1740 tanta
841 1676 1061 1759 similitudine,
1078 1678 1117 1738 ut

111 1765 253 1832 discerni
274 1785 340 1830 non
362 1769 483 1850 posset,
505 1763 670 1848 signatum
688 1763 835 1848 subiecit,
853 1764 888 1827 in
907 1785 970 1847 quo
989 1784 1116 1828 accura

112 1852 244 1917 tissima
257 1852 325 1917 eius
335 1853 506 1917 avaritiam
515 1851 745 1935 perfidiamque
756 1855 931 1917 accusarat
951 1851 1116 1936 Lysander
1135 1868 1153 1917 s

115 1940 248 2005 domum
269 1962 341 2006 cum
363 1940 514 2024 redisset,
543 1944 716 2024 postquam
743 1940 782 2004 de
805 1941 872 2005 suis
895 1940 991 2005 rebus
1014 1939 1116 2027 gestis

114 2028 201 2112 apud
231 2029 407 2093 maximum
439 2029 668 2114 magistratum
695 2050 776 2112 quae
805 2029 952 2094 voluerat
983 2029 1117 2113 dixerat,

112 2116 295 2198 testimonii
322 2116 394 2183 loco
423 2116 544 2181 librum
567 2138 586 2180 a
607 2115 816 2182 Pharnabazo
840 2119 952 2182 datum
974 2117 1117 2181 tradidit

108 2205 199 2270 hunc
222 2209 385 2269 summoto
404 2203 571 2288 Lysandro
595 2226 668 2270 cum
690 2203 804 2289 ephori
826 2209 1030 2290 cognossent,
1052 2205 1117 2289 ipsi

110 2292 285 2379 legendum
308 2292 471 2358 dederunt.
507 2293 555 2357 ita
576 2292 632 2356 illc
653 2292 839 2375 imprudens
862 2293 931 2375 ipse
954 2313 1031 2356 suus
1053 2291 1117 2355 fuit

111 2384 292 2447 accusator.
1060 2386 1064 2395 “

413 2681 491 2754 VII.
517 2678 810 2754 ALCIBIADES.

203 2818 396 2904 Alcibiades,
414 2818 538 2885 Cliniae
561 2819 656 2904 filius,
672 2819 890 2884 Atheniensis.
926 2819 961 2883 in
983 2819 1045 2885 hoc
1062 2841 1116 2883 na
1136 2820 1156 2884 1

112 2912 191 2974 ture
222 2909 300 2993 quid
331 2907 457 2973 efficere
495 2907 600 2991 possit
633 2907 760 2973 videtur
793 2909 933 2990 experta
988 2911 1117 2972 constat

110 2997 201 3062 enim
228 2997 314 3061 inter
342 3017 465 3080 omnes,
493 2996 548 3079 qui
576 2995 614 3060 de
638 3017 675 3060 eo
698 2995 871 3060 memoriae
898 2994 1117 3079 prodiderunt,

110 3085 196 3150 nihil
224 3085 283 3149 illo
310 3084 411 3150 fuisso
439 3083 647 3148 excellentius
674 3083 725 3147 vel
754 3083 789 3147 in
815 3082 904 3147 vitiis
927 3082 977 3148 vel
1000 3083 1035 3146 in
1056 3083 1117 3147 vir-

111 3173 251 3238 tutibus.
288 3176 384 3237 natus
407 3172 442 3235 in
464 3172 664 3255 amplissima
687 3171 817 3236 civitate
841 3192 967 3235 summo
991 3186 1152 3255 generes

112 3261 261 3327 omnium
283 3259 400 3326 aetatis
425 3279 500 3323 suae
524 3260 627 3324 multo
650 3257 920 3341 formosissimus,
946 3258 1048 3341 dives
1076 3259 1117 3323 ad

112 3370 228 3414 omnes
246 3369 297 3413 res
316 3352 412 3432 aptus
431 3346 621 3430 consiliique
639 3347 753 3430 plenus
771 3343 921 3431 (namque
940 3346 1117 3430 imperator

111 3435 178 3503 fuit
200 3457 346 3501 summus
369 3439 403 3500 et
425 3434 507 3498 mari
530 3438 563 3498 et
585 3432 701 3520 terra);
722 3435 872 3517 disertus,
893 3437 932 3497 ut
949 3434 984 3497 in
1001 3435 1116 3518 primis

112 3524 249 3590 dicendo
281 3524 417 3608 valeret,
448 3521 534 3605 quod
563 3524 656 3585 tanta
685 3525 755 3587 arat
784 3522 1020 3588 commendatio
1051 3525 1118 3589 oris
