2528 4042
148 174 190 239 86
435 169 506 224 xxr.
525 168 574 223 un
592 167 755 225 aramus.
784 176 808 224 2.
827 175 844 224 a

110 319 131 382 2
232 316 284 380 Ex
314 314 527 380 Macedonum
559 317 667 379 autem
703 316 799 398 gente
833 313 894 378 duo
926 311 1030 377 multo
1063 313 1142 376 cete·

146 427 199 470 ros
223 407 465 468 antecesserunt
486 425 594 467 rerum
621 406 787 487 gestarum
816 401 933 486 gloria:
964 399 1142 483 Philippus,

145 493 308 577 Amyntae
335 492 436 576 filius,
463 496 497 556 et
522 490 704 555 Alexander
726 488 873 576 Magnus.
918 489 1035 553 horum
1062 486 1142 550 alter

145 581 312 666 Babylone
336 582 448 645 morbo
471 581 681 661 consumptus
704 581 767 662 eat,
797 577 967 662 Philippus
989 574 1103 660 Aegiis
1126 595 1143 638 a

147 669 321 754 Pausania,
347 690 420 734 cum
443 669 623 751 spectatum
645 665 738 730 ludos
760 666 837 750 iret,
865 666 958 730 iuxta
980 665 1141 729 theatrum

112 760 273 824 roccisus
297 761 355 822 est.
388 776 469 819 unus
487 753 649 836 Epirotes,
671 751 826 838 Pyrrhus,
849 755 906 836 qui
929 775 1002 818 cum
1024 751 1142 836 populo

110 889 115 898 ,
147 848 294 912 Romano
316 842 457 908 bellavit.
492 841 520 906 is
544 862 617 906 cum
634 839 742 926 Argos
766 841 920 925 oppidum
942 843 1143 926 oppugnaret

147 936 183 1001 in
204 935 439 1016 Peloponneso,
465 930 571 1013 lapide
597 929 682 994 ictus
709 929 843 994 interiit.
888 951 971 994 unus
994 930 1075 995 item
1098 925 1143 992 Si-

149 1025 251 1104 culus,
278 1017 454 1101 Dionysius
476 1018 574 1102 prior.
619 1039 695 1081 nam
718 1021 751 1082 et
773 1016 988 1081 manufortis
1012 1021 1046 1082 et
1068 1015 1144 1080 belli

147 1111 269 1196 peritus
291 1104 356 1170 tuit
377 1109 420 1190 et,
441 1107 475 1170 id
498 1105 584 1189 quod
605 1105 640 1170 in
663 1109 801 1189 tyranno
823 1127 890 1171 non
912 1104 1006 1169 facile
1029 1103 1144 1188 reperi·

147 1203 213 1279 tur,
240 1194 371 1258 minime
393 1193 599 1277 libidinosus,
625 1214 691 1258 non
712 1194 911 1278 luxuriosus,
932 1214 999 1258 non
1021 1213 1145 1275 avarus,

146 1283 265 1350 nullius
293 1281 429 1364 denique
456 1282 504 1344 rei
531 1281 664 1364 cupidus
691 1281 755 1345 nisi
783 1282 956 1367 singularis
985 1280 1145 1365 perpetui-

148 1393 208 1455 que
234 1369 362 1452 imperii
390 1370 431 1432 ob
459 1389 593 1450 eamque
620 1389 689 1431 rem
716 1369 868 1433 crudelis:
899 1391 975 1434 nam
1006 1365 1083 1433 dum
1113 1366 1146 1432 id

148 1457 272 1523 studuit
294 1455 432 1539 munire,
453 1455 574 1520 nullius
596 1455 741 1538 pepercit
763 1456 866 1539 vitae,
889 1477 985 1538 quem
1008 1458 1077 1521 eius
1100 1456 1147 1521 in-

112 1546 334 1611 asidiatorem
355 1547 494 1627 putaret.
537 1542 592 1608 hic
615 1564 688 1607 cum
710 1543 831 1607 virtute
854 1543 1058 1627 tyrannidem
1082 1544 1148 1608 sibi

145 1633 332 1718 peperisset,
350 1653 468 1718 magna
482 1630 618 1696 retinuit
631 1630 802 1696 felicitate:
825 1631 929 1696 maior
942 1631 1028 1695 enim
1043 1653 1147 1695 annos

147 1722 314 1808 sexaginta
330 1724 427 1784 natus
445 1720 584 1784 decessit
606 1719 741 1783 florente
760 1740 869 1804 regno.
902 1740 1006 1803 neque
1023 1718 1058 1782 in
1076 1722 1148 1782 tam

146 1809 258 1874 multis
278 1808 369 1872 annis
388 1809 578 1891 cuiusquam
596 1829 635 1872 ex
653 1828 712 1872 sua
730 1806 831 1891 stirpe
849 1806 946 1871 funus
959 1806 1050 1890 vidit,
1073 1829 1148 1872 cum

146 1920 186 1963 ex
208 1898 312 1962 tribus
330 1897 484 1960 uxoribus
502 1896 622 1960 liberos
640 1900 844 1979 procreasset
857 1894 1015 1978 multique
1030 1895 1060 1958 ei
1077 1895 1147 1959 nati

147 1988 256 2049 essent
276 1987 420 2066 nepotes.

111 2071 132 2136 3
233 2069 378 2134 Fuerunt
408 2074 576 2152 praeterea
603 2070 714 2155 magni
744 2091 838 2155 regas
867 2092 906 2135 ax
933 2071 1046 2135 amicis
1074 2071 1147 2136 Ale-

146 2158 259 2223 xandri
277 2156 399 2242 Magni,
421 2157 476 2241 qui
499 2160 575 2240 post
598 2157 724 2222 obitum
742 2158 811 2223 eius
830 2159 966 2242 imperia
985 2164 1147 2243 ceperunt,

146 2248 180 2310 in
194 2246 240 2311 eis
254 2244 439 2330 Antigonus
453 2248 488 2308 et
499 2244 596 2309 huius
610 2244 697 2310 filius
711 2244 907 2331 Demetrius,
924 2246 1147 2332 Lysimachus,

111 2349 128 2400 a
149 2333 313 2418 Seleucus,
339 2332 555 2398 Ptolemaeus.
600 2355 639 2398 ex
665 2333 716 2398 his
739 2333 925 2420 Antigonus
952 2336 987 2399 in
1014 2336 1148 2419 proelio,

148 2445 221 2489 cum
243 2423 395 2487 adversus
415 2420 584 2486 Seleucum
602 2427 636 2486 et
653 2421 884 2506 lysimachum
902 2423 1079 2508 dimicaret,
1098 2446 1148 2489 oc-

148 2512 233 2577 cisus
247 2514 306 2575 est.
337 2511 408 2593 pari
421 2510 489 2575 leto
504 2509 637 2574 affectus
652 2514 703 2574 est
717 2509 929 2594 Lysimachus
944 2512 985 2576 ab
1000 2509 1149 2577 Seleuco:

146 2619 285 2680 namque
308 2599 463 2662 societate
486 2598 644 2662 dissoluta
666 2599 789 2663 bellum
810 2599 896 2663 inter
913 2620 948 2663 se
968 2604 1149 2684 gesserunt

113 2690 183 2750 tat
211 2684 413 2768 Demetrius,
445 2707 518 2750 oum
548 2686 651 2750 filiam
683 2708 776 2751 suam
809 2684 941 2751 Seleuco
972 2687 1007 2750 in
1039 2689 1150 2753 matri·

148 2773 292 2837 monium
315 2773 456 2837 dedisset
477 2794 580 2857 neque
604 2796 641 2839 eo
665 2776 769 2860 magis
791 2774 856 2838 fida
884 2775 1048 2840 intereos
1072 2777 1149 2841 ami-

150 2862 227 2926 citia
249 2881 378 2925 manere
400 2860 570 2946 potuisset,
593 2867 706 2946 captus
730 2862 815 2927 bello
838 2862 873 2926 in
892 2864 1040 2928 custodia
1058 2887 1151 2929 socer

114 2949 260 3034 lgeneri
290 2949 388 3033 periit
420 2951 439 3013 a
466 2950 588 3014 morbo.
637 2971 740 3033 neque
772 2950 820 3013 ita
852 2950 955 3015 multo
987 2957 1064 3035 post
1097 2951 1151 3018 Se

149 3038 258 3102 leucus
273 3059 293 3100 a
305 3035 491 3102 Ptolemaeo
506 3036 652 3103 Cerauno
672 3038 746 3102 dolo
765 3037 955 3104 interfectus
975 3044 1035 3124 est,
1054 3063 1151 3124 quem

148 3125 204 3190 ille
236 3147 256 3189 a
286 3129 379 3209 patre
411 3125 580 3210 expulsum
606 3125 810 3190 Alexandrea
841 3127 1019 3192 alienarum
1052 3150 1152 3213 opum

149 3213 348 3299 indigentem
374 3217 548 3298 receperat.
593 3213 663 3296 ipse
691 3217 801 3278 autem
828 3214 1048 3300 Ptolemaeus,
1079 3240 1152 3283 eum

149 3301 241 3366 rivus
263 3301 332 3365 filio
354 3322 490 3387 regnum
512 3301 709 3386 tradidisset,
732 3303 772 3367 ab
795 3303 853 3367 illo
872 3304 983 3369 eodem
1002 3304 1071 3369 vita
1089 3307 1152 3390 pri-

150 3393 245 3454 vatus
269 3389 396 3454 dicitur.

115 3487 132 3538 5
237 3476 287 3541 De
311 3477 428 3560 quibus
452 3476 604 3561 quoniam
632 3478 713 3543 satis
741 3479 864 3544 dictum
891 3483 1058 3567 putamus,
1087 3504 1152 3546 non
