2528 4042
147 213 191 277 26
449 210 509 265 VII.
528 209 751 267 ALCIBIADES.
778 217 803 266 4.
822 217 847 266 t.

110 374 126 423 1
144 357 200 441 ibi,
217 361 255 421 ut
269 356 339 440 ipse
352 355 538 439 praedicare
553 360 732 440 consuerat,
750 377 815 421 non
829 357 980 422 adversus
994 359 1149 441 patriam,

145 446 201 510 sed
229 445 378 509 inimicos
409 465 485 510 suos
514 444 637 509 bellum
666 444 781 530 gessit,
814 445 869 528 qui
901 446 1004 510 eidem
1032 446 1148 512 hostes

145 537 254 598 essent
281 533 422 598 civitati:
453 554 529 598 nam
556 554 629 596 cum
655 533 881 617 intellegerent
909 555 943 599 se
969 534 1149 618 plurimum

83 695 84 698 Ἴ
144 622 298 705 prodesse
325 643 421 706 posse
448 621 495 684 rei
521 620 683 703 publicae,
715 641 754 683 ex
781 641 819 685 ea
846 622 977 687 eiecisse
1008 623 1148 708 plusque

111 710 213 775 cirac
241 731 317 775 suae
345 731 443 793 quam
473 708 610 772 utilitati
642 708 805 772 communi
836 712 990 792 paruisse.
1034 711 1148 795 itaque

144 798 242 863 huius
261 797 394 864 consilio
409 796 654 860 Lacedaemonii
673 817 747 860 curn
759 794 857 860 Perse
876 820 952 885 rege
969 799 1149 866 amicitiam

144 886 303 969 fecerunt,
330 884 404 948 dein
425 882 597 948 Deceleam
623 884 658 949 in
680 882 794 948 Attica
815 886 1149 972 munierunt'praesi·

145 976 261 1058 dicque
290 972 336 1036 ibi
363 975 519 1055 perpetuo
547 972 656 1054 posito
683 972 718 1037 in
741 973 908 1038 obsidione
931 974 1079 1041 Athenas
1101 981 1149 1042 ee

85 1116 89 1125 .
144 1064 292 1127 nuerunt.
325 1059 467 1124 eiusdem
489 1080 587 1142 opera
605 1058 730 1125 Ioniam
749 1083 768 1124 a
786 1061 941 1127 societate
960 1052 1149 1131 averterunt

144 1147 401 1215 Atheniensium.
437 1168 501 1231 quo
523 1147 612 1213 facto
635 1150 739 1213 multo
763 1150 943 1234 superiores
966 1151 1051 1217 bello
1075 1176 1148 1219 esse

146 1240 329 1321 coeperrmt.

109 1325 130 1391 5
233 1324 347 1409 Neque
369 1344 445 1388 vero
472 1322 524 1388 his
554 1325 650 1389 rebus
674 1329 742 1388 tam
766 1327 861 1391 amici
883 1326 1046 1394 Alcibiadi
1070 1335 1148 1396 sunt
1179 1377 1182 1384 1

145 1413 224 1478 facti
248 1434 345 1496 quam
367 1411 485 1475 timore
508 1411 548 1474 ab
573 1433 610 1476 eo
634 1412 774 1476 alienati.
810 1435 886 1477 nam
905 1436 978 1480 cum
998 1419 1148 1484 acerrimi

145 1501 207 1583 riri
228 1503 449 1585 praestantem
470 1498 675 1582 prudentiam
693 1500 728 1563 in
746 1501 895 1564 omnibus
914 1503 1011 1566 rebus
1031 1526 1148 1590 cogno·

146 1593 285 1673 scerent,
315 1587 552 1671 pertimuerunt
573 1608 614 1652 111
637 1587 772 1652 caritate
794 1587 920 1671 patriae
946 1588 1061 1653 ductus
1090 1595 1148 1657 ali-

147 1678 273 1762 quando
302 1676 343 1740 ab
370 1675 450 1759 ipsis
478 1675 670 1741 descisceret
697 1680 730 1740 et
757 1697 830 1740 cum
857 1676 924 1741 suis
947 1675 982 1740 in
1004 1679 1147 1762 gratiam

27 1827 29 1833 ,
146 1768 273 1832 rediret.
309 1764 419 1847 itaque
442 1767 571 1847 tempus
595 1764 663 1829 eius
685 1763 902 1829 interficiundi
926 1785 1077 1848 quaerere
1099 1767 1147 1830 in-

111 1856 332 1921 ustituerrmt.
376 1852 408 1916 id
436 1851 621 1918 Alcibiades
651 1852 772 1917 diutius
801 1853 898 1917 celari
929 1874 995 1918 non
1024 1854 1147 1936 potuit:

147 1946 216 2007 erat
239 1941 325 2006 enim
348 1961 386 2004 ca
409 1941 600 2025 sagacitate,
626 1944 664 2004 ut
687 1940 791 2024 decipi
813 1961 879 2004 non
905 1945 1031 2025 posset,
1057 1963 1148 2024 prae-

146 2029 259 2095 sertim
282 2050 356 2094 cum
378 2028 522 2092 animum
545 2027 738 2092 attendisset
756 2028 797 2091 ad
815 2028 999 2094 cavendum.
1035 2029 1148 2111 itaque

65 2125 68 2129 ’
147 2118 186 2182 ad
209 2116 467 2200 Tissaphernem,
488 2115 689 2199 praefectum
712 2116 797 2201 regis
816 2114 918 2199 Darii,
941 2137 975 2181 so
999 2118 1148 2183 contulit

111 2225 127 2273 1
147 2205 237 2271 cuius
261 2226 334 2269 cum
356 2204 391 2268 in
412 2203 564 2268 intimam
582 2204 760 2268 amicitiam
777 2204 978 2287 pervenisset
996 2209 1031 2269 11
1048 2204 1150 2271 Athe-

119 2343 121 2349 s
145 2293 306 2359 niensium
328 2292 413 2356 male
436 2292 539 2377 gestis
561 2292 596 2357 in
620 2290 731 2357 Sicilia
753 2292 849 2356 rebus
873 2314 950 2376 opes
974 2314 1149 2380 senescere,
1184 2320 1188 2331 ·

147 2385 260 2447 contra
282 2380 609 2446 Lacedaemoniorum
633 2401 775 2445 crescere
797 2380 934 2465 videret,
956 2381 1050 2447 initio
1075 2404 1149 2449 cum

145 2469 303 2534 Pisandro
326 2473 487 2553 praetore,
509 2469 565 2552 qui
588 2468 672 2552 apud
696 2466 829 2534 Samum
853 2470 1029 2534 exercitum
1051 2470 1149 2537 habe-

146 2559 213 2642 bat,
231 2579 289 2640 per
306 2557 524 2621 internuntios
543 2556 740 2640 colloquitur
758 2560 792 2620 et
809 2557 848 2621 de
866 2557 972 2622 reditu
990 2579 1049 2623 suo
1068 2558 1150 2625 facit

147 2645 352 2709 mentionem.
377 2651 413 2709 'is
431 2648 502 2708 erat
520 2644 605 2708 euim
624 2644 736 2709 eodem
755 2666 819 2728 quo
838 2645 1023 2727 Alcibiades
1043 2668 1150 2734 sensu,

57 2787 58 2791 ,
146 2733 259 2817 populi
289 2731 454 2816 potentiae
483 2753 549 2796 non
579 2733 700 2798 amicus
729 2737 762 2796 11
792 2734 999 2816 optimatium
1030 2733 1149 2802 fautor.

111 2837 129 2886 4
148 2821 188 2885 ab
215 2821 278 2885 hoc
301 2820 476 2885 destitutus
498 2820 639 2903 primum
661 2842 720 2904 per
741 2820 990 2907 Thrasybulum,
1012 2820 1091 2908 Lyci
1115 2825 1150 2889 fi-

146 2910 235 2994 lium,
254 2909 295 2972 ab
310 2908 452 2973 exercitu
470 2909 626 2992 recipitur
642 2913 837 2993 praetorque
854 2910 894 2972 fit
907 2911 992 2993 apud
1007 2909 1150 2997 Samum,

145 3001 223 3083 post
250 2996 448 3082 suffragante
474 2994 673 3061 Theramene
703 2997 816 3081 populi
848 2997 931 3063 scito
963 3000 1151 3066 restituitur

145 3085 281 3171 parique
304 3085 420 3149 absens
443 3084 579 3167 imperio
598 3085 785 3168 praeficitur
803 3085 900 3150 simul
919 3107 993 3152 cum
1011 3087 1151 3174 Thrasy·

112 3173 224 3238 obulo
242 3176 276 3238 ot
293 3171 501 3237 Theramene.
537 3173 654 3237 horum
676 3173 711 3238 in
733 3173 870 3257 imperio
893 3177 987 3240 tanta
1009 3197 1150 3242 commu·

146 3262 230 3326 tatio
248 3281 357 3325 rerum
374 3260 463 3325 facta
480 3263 540 3345 est,
557 3264 595 3324 ut
613 3259 868 3346 Lacedaemonii,
887 3262 943 3345 qui
960 3264 1059 3346 paulo
1075 3269 1151 3330 ante

146 3350 285 3414 victores
315 3349 499 3436 viguerant,
529 3349 695 3432 perterriti
726 3371 839 3433 pacem
869 3354 1027 3433 peterent
1071 3353 1152 3419 victi

146 3436 233 3501 enim
256 3441 349 3502 erant
372 3437 513 3522 quinque
531 3437 664 3520 proeliis
687 3439 905 3522 terrestribus,
928 3439 1034 3504 tribus
1056 3463 1152 3506 nava-

146 3524 246 3610 libus,
275 3525 310 3590 in
337 3526 455 3609 quibus
483 3524 637 3590 ducentas
664 3547 762 3592 naves
790 3527 938 3591 triremes
966 3528 1153 3616 amiserant,
