2528 4042
380 184 452 240 XIV.
472 184 654 242 DATAMES.
682 194 707 242 4.
727 191 752 243 ὅ.
1026 191 1067 254 51

60 328 195 392 transiit
222 350 325 412 eoque
354 343 417 413 quo'
447 330 616 394 studuerat
647 330 745 395 venit.
791 333 918 414 quaerit
951 335 1068 418 quibus

59 416 142 481 locis
176 417 220 481 sit
251 416 368 501 Aspis:
406 419 573 503 cognoscit
604 419 691 483 haud
722 420 819 504 longe
852 422 965 487 abesse
996 446 1069 507 pro·

58 504 247 590 tectumque
271 508 343 570 tum
365 510 526 571 venatum
573 506 768 591 quemdum
793 510 993 596 speculatur,
1016 512 1068 576 ad·

58 596 177 659 ventus
201 594 271 658 eius
295 616 392 658 causa
414 595 630 680 cognoscitur.
666 594 793 661 Pisidas
817 619 890 661 cum
912 599 963 683 iis,
986 621 1067 682 quos

60 704 172 747 seeum
198 682 355 768 habebat,
385 683 425 747 ad
452 684 668 749 resistendum
690 683 790 768 Aspis
814 690 990 769 comparat.
1035 688 1103 764 ids

58 771 219 836 Datames
242 771 299 836 ubi
323 771 459 856 audivit,
491 794 581 836 arma
610 773 723 856 sumit,
751 794 827 839 suos
851 775 942 858 sequi
964 775 1069 858 iubet3

59 861 131 944 ipsc
156 881 239 943 equo
264 860 427 925 concitato
452 861 493 924 ad
514 861 644 925 hostem
662 861 800 926 vehitur.
838 884 934 946 quem
955 864 1068 947 procul

60 947 163 1031 Aspis
187 949 387 1031 conspiciens
411 949 508 1012 adse
531 948 689 1013 ferentem
711 950 914 1033 pertimescit
933 955 1031 1034 atque
1050 975 1068 1015 a

63 1039 183 1102 conatu
196 1037 368 1101 resistendi
382 1037 556 1101 deterritus
571 1059 641 1101 sese
656 1037 786 1102 dedidit.
812 1039 899 1104 hunc
911 1039 1067 1105 Datames

62 1125 208 1190 vinctum
231 1125 272 1189 ad
294 1146 404 1210 regem
427 1125 606 1190 ducendum
628 1125 730 1189 tradit
752 1125 945 1192 Mithridati.

150 1212 241 1278 Haec
268 1213 345 1277 dum
373 1217 542 1299 geruntur,
574 1212 772 1279 Artaxerxes
799 1216 1021 1302 reminiscens,
1049 1229 1108 1296 a5

62 1305 186 1385 quanto
209 1301 295 1366 bello
320 1302 360 1365 ad
383 1324 480 1385 quam
502 1324 636 1385 parvam
658 1324 728 1366 rem
749 1304 928 1388 principem
951 1306 1068 1371 ducum

62 1390 216 1475 misisset,
239 1411 273 1453 se
296 1390 366 1474 ipse
389 1391 595 1474 reprehendit
613 1394 646 1455 et
663 1392 814 1456 nuntium
833 1392 873 1456 ad
892 1395 1068 1459 exercitum

66 1476 158 1543 Acen
178 1478 281 1563 misit,
310 1479 396 1562 quod
421 1479 565 1544 nondum
587 1478 750 1544 Datamen
771 1480 954 1563 profectum
976 1487 1069 1565 puta·

66 1567 132 1651 bat,
155 1567 210 1650 qui
233 1567 363 1651 diceret,
386 1588 426 1632 ne
449 1569 490 1632 ab
514 1568 657 1632 exercitu
675 1568 861 1632 discederet.
895 1569 948 1634 hic
966 1570 1069 1652 prius-

64 1676 162 1738 quam
184 1655 381 1739 perveniret,
409 1677 473 1738 quo
496 1657 567 1719 erat
590 1654 775 1738 profectus,
795 1656 830 1719 in
856 1656 972 1720 itinere
996 1678 1068 1721 con·

62 1743 161 1827 venit,
177 1745 232 1826 qui
246 1743 363 1827 Aspim
377 1744 547 1808 ducebant.
570 1764 635 1826 qua
648 1744 814 1808 celeritate
828 1765 902 1808 cum
916 1764 1068 1829 magnam
1086 1776 1102 1824 ‘2

61 1832 317 1897 beniuolentiam
348 1833 435 1917 regis
462 1830 618 1895 Datames
649 1834 840 1896 consecutus
873 1835 972 1917 essct,
1002 1855 1068 1898 non

61 1921 223 1986 minorem
241 1920 396 1984 invidiam
415 1920 594 1985 aulicorum
608 1919 743 2004 excepit,
762 1921 848 2004 quod
861 1921 954 1985 illum
967 1944 1068 1986 unum

61 2009 167 2094 pluris
187 2030 285 2091 quam
304 2030 338 2072 se
357 2030 469 2073 omnes
489 2007 560 2073 fieri
578 2006 739 2073 videbant.
774 2030 838 2093 quo
856 2010 945 2075 facto
960 2012 1068 2076 cuncti

62 2099 104 2163 ad
127 2119 202 2162 eum
224 2097 470 2180 opprimendum
493 2100 732 2162 consenserunt.
772 2097 852 2163 haec
874 2098 1067 2183 Pandantes,
1086 2131 1102 2178 3

62 2208 163 2273 gazae
195 2190 304 2250 custos
336 2186 458 2271 regiae,
490 2185 612 2250 amicus
644 2184 792 2269 Datami,
824 2187 1006 2270 perscripta
1038 2189 1067 2252 ei

62 2275 182 2358 mittit,
212 2274 247 2338 in
270 2274 387 2357 quibus
411 2274 505 2339 docet
528 2296 602 2338 eum
624 2275 658 2338 tn
681 2294 800 2357 magno
823 2273 891 2338 fore
914 2274 1067 2358 periculo,

63 2365 92 2429 si
115 2363 195 2446 quid
217 2363 275 2427 illo
298 2362 479 2446 imperante
503 2361 628 2426 adversi
656 2361 692 2424 in
713 2360 865 2446 Aegypto
889 2360 1067 2426 accidisset.

62 2473 203 2536 namque
227 2473 298 2515 eam
321 2472 392 2516 esse
410 2450 674 2515 consuetudinem
692 2449 825 2534 regiam,
847 2452 885 2512 ut
903 2470 996 2513 casus
1016 2449 1068 2514 ad-
1084 2480 1102 2529 4

62 2561 175 2606 versos
207 2539 393 2604 hominibus
422 2539 582 2622 tribuant,
614 2536 770 2602 secundos
799 2535 949 2601 fortunae
977 2560 1067 2603 suae:

62 2651 129 2714 quo
156 2628 227 2692 fieri
254 2632 292 2692 ut
319 2627 413 2692 facile
441 2627 650 2710 impellantur
678 2625 718 2689 ad
745 2646 857 2689 eorum
882 2626 1068 2712 perniciem,

64 2739 202 2803 quorum
225 2715 397 2782 ducturas
420 2716 504 2779 male
527 2718 638 2800 gestae
660 2713 859 2778 nuntientur.
894 2714 988 2803 illum
1005 2715 1067 2781 hoc

65 2805 187 2871 maiore
210 2804 279 2870 fore
302 2805 337 2869 in
360 2804 558 2887 discrimine,
581 2803 680 2887 quod,
708 2803 825 2885 quibus
848 2824 905 2866 rex
927 2803 1066 2867 maxime

65 2893 225 2977 oboediat,
245 2915 299 2958 eos
317 2893 437 2958 habeat
455 2890 706 2956 inimicissimos.
738 2891 859 2955 talibus
877 2890 932 2955 ille
946 2891 1065 2954 litteris
1085 2923 1101 2973 5

63 2982 221 3068 cognitis,
243 3003 317 3046 cum
339 2982 405 3045 iam
429 2981 469 3045 ad
492 2979 668 3044 exercitum
691 2978 781 3044 Acen
803 2979 958 3061 venisset,
981 2979 1067 3061 quod

61 3093 130 3137 non
151 3071 326 3156 ignorabat
349 3089 387 3132 ea
408 3091 482 3133 vere
506 3068 636 3151 scripta,
659 3067 835 3132 desciscere
858 3089 877 3129 a
900 3086 976 3150 rege
994 3086 1067 3131 con-

64 3159 185 3224 stituit.
230 3178 334 3241 neque
357 3160 467 3221 tamen
490 3157 663 3240 quicquam
685 3155 776 3239 fecit,
806 3154 892 3237 quod
918 3154 980 3218 fide
1008 3175 1067 3217 sua

62 3253 151 3314 esset
169 3247 347 3332 indignum.
380 3266 456 3308 nam
475 3243 694 3309 Mandroclem
708 3242 894 3326 Magnetem
912 3241 1067 3306 exercitui
1085 3278 1101 3325 0

62 3336 234 3422 praefecit3
256 3335 326 3419 ipse
349 3354 422 3397 cum
446 3332 512 3396 suis
535 3333 570 3396 in
583 3331 820 3417 Cappadociam
838 3329 974 3393 discedit
995 3351 1067 3395 con·

62 3420 650 3580 irtrtruttrrtrhrtrr
665 3418 1067 3573 ,truttatth’rtt

62 3537 83 3580 V
444 3529 466 3594 g
875 3611 910 3662 4*
