<?xml version="1.0" encoding="UTF-8"?>
<!DOCTYPE html PUBLIC "-//W3C//DTD XHTML 1.0 Transitional//EN"
    "http://www.w3.org/TR/xhtml1/DTD/xhtml1-transitional.dtd">
<html xmlns="http://www.w3.org/1999/xhtml" xml:lang="en" lang="en">
 <head>
  <title>
</title>
<meta http-equiv="Content-Type" content="text/html;charset=utf-8" />
  <meta name='ocr-system' content='tesseract 3.04.00' />
  <meta name='ocr-capabilities' content='ocr_page ocr_carea ocr_par ocr_line ocrx_word'/>
</head>
<body>
  <div class='ocr_page' id='page_1' title='image "./corneliinepotis01halmgoog_0062.png"; bbox 0 0 2528 4042; ppageno 0'>
   <div class='ocr_carea' id='block_1_1' title="bbox 366 181 1076 247">
    <p class='ocr_par' dir='ltr' id='par_1_1' title="bbox 366 181 1076 247">
     <span class='ocr_line' id='line_1_1' title="bbox 366 181 1076 247; baseline 0.015 -11"><span class='ocrx_word' id='word_1_1' title='bbox 366 181 439 237; x_wconf 81' lang='lat' dir='ltr'><strong>XIII.</strong></span> <span class='ocrx_word' id='word_1_2' title='bbox 458 182 679 240; x_wconf 85' lang='lat' dir='ltr'><strong>TIMOTHEUS.</strong></span> <span class='ocrx_word' id='word_1_3' title='bbox 708 191 732 240; x_wconf 75' lang='lat'><strong>2.</strong></span> <span class='ocrx_word' id='word_1_4' title='bbox 752 191 777 240; x_wconf 82' lang='grc'><strong>8.</strong></span> <span class='ocrx_word' id='word_1_5' title='bbox 1034 183 1076 247; x_wconf 77' lang='grc'><strong>47</strong></span> 
     </span>
    </p>
   </div>
   <div class='ocr_carea' id='block_1_2' title="bbox 43 324 1112 3592">
    <p class='ocr_par' dir='ltr' id='par_1_2' title="bbox 67 324 1111 1470">
     <span class='ocr_line' id='line_1_2' title="bbox 69 324 1077 412; baseline 0.002 -21"><span class='ocrx_word' id='word_1_6' title='bbox 69 349 133 410; x_wconf 91' lang='lat' dir='ltr'><strong>que</strong></span> <span class='ocrx_word' id='word_1_7' title='bbox 148 327 222 390; x_wconf 88' lang='lat' dir='ltr'><strong>dein</strong></span> <span class='ocrx_word' id='word_1_8' title='bbox 237 326 383 399; x_wconf 85' lang='lat' dir='ltr'><strong>adiunxit</strong></span> <span class='ocrx_word' id='word_1_9' title='bbox 392 326 557 412; x_wconf 77' lang='lat' dir='ltr'><strong>Epirotas,</strong></span> <span class='ocrx_word' id='word_1_10' title='bbox 566 324 778 411; x_wconf 79' lang='lat' dir='ltr'><strong>Athamanas,</strong></span> <span class='ocrx_word' id='word_1_11' title='bbox 792 327 940 394; x_wconf 79' lang='lat' dir='ltr'><strong>Chaonas</strong></span> <span class='ocrx_word' id='word_1_12' title='bbox 954 351 1077 393; x_wconf 86' lang='lat' dir='ltr'><strong>omnes-</strong></span> 
     </span>
     <span class='ocr_line' id='line_1_3' title="bbox 69 416 1111 500; baseline 0.001 -20"><span class='ocrx_word' id='word_1_13' title='bbox 69 438 132 500; x_wconf 92' lang='lat' dir='ltr'><strong>que</strong></span> <span class='ocrx_word' id='word_1_14' title='bbox 156 437 211 480; x_wconf 91' lang='lat' dir='ltr'><strong>eas</strong></span> <span class='ocrx_word' id='word_1_15' title='bbox 235 419 364 500; x_wconf 80' lang='lat' dir='ltr'><strong>gentes,</strong></span> <span class='ocrx_word' id='word_1_16' title='bbox 389 437 470 498; x_wconf 89' lang='lat' dir='ltr'><strong>quae</strong></span> <span class='ocrx_word' id='word_1_17' title='bbox 493 437 582 481; x_wconf 89' lang='lat' dir='ltr'><strong>mare</strong></span> <span class='ocrx_word' id='word_1_18' title='bbox 605 416 685 481; x_wconf 92' lang='lat' dir='ltr'><strong>illud</strong></span> <span class='ocrx_word' id='word_1_19' title='bbox 708 416 864 482; x_wconf 89' lang='lat' dir='ltr'><strong>adiacent.</strong></span> <span class='ocrx_word' id='word_1_20' title='bbox 902 439 964 500; x_wconf 90' lang='lat' dir='ltr'><strong>quo</strong></span> <span class='ocrx_word' id='word_1_21' title='bbox 988 417 1075 482; x_wconf 89' lang='lat' dir='ltr'><strong>facto</strong></span> <span class='ocrx_word' id='word_1_22' title='bbox 1095 432 1111 481; x_wconf 79' lang='lat' dir='ltr'><strong>a</strong></span> 
     </span>
     <span class='ocr_line' id='line_1_4' title="bbox 68 503 1076 571; baseline 0.002 -2"><span class='ocrx_word' id='word_1_23' title='bbox 68 503 318 568; x_wconf 88' lang='lat' dir='ltr'><strong>Lacedaemonii</strong></span> <span class='ocrx_word' id='word_1_24' title='bbox 350 503 389 566; x_wconf 92' lang='lat' dir='ltr'><strong>de</strong></span> <span class='ocrx_word' id='word_1_25' title='bbox 420 503 547 568; x_wconf 89' lang='lat' dir='ltr'><strong>diutina</strong></span> <span class='ocrx_word' id='word_1_26' title='bbox 578 504 785 569; x_wconf 91' lang='lat' dir='ltr'><strong>contentione</strong></span> <span class='ocrx_word' id='word_1_27' title='bbox 817 505 1013 570; x_wconf 91' lang='lat' dir='ltr'><strong>destiterunt</strong></span> <span class='ocrx_word' id='word_1_28' title='bbox 1042 509 1076 571; x_wconf 92' lang='lat' dir='ltr'><strong>et</strong></span> 
     </span>
     <span class='ocr_line' id='line_1_5' title="bbox 69 591 1076 677; baseline 0.001 -20"><span class='ocrx_word' id='word_1_29' title='bbox 69 615 128 658; x_wconf 90' lang='lat' dir='ltr'><strong>sua</strong></span> <span class='ocrx_word' id='word_1_30' title='bbox 143 595 260 675; x_wconf 91' lang='lat' dir='ltr'><strong>sponte</strong></span> <span class='ocrx_word' id='word_1_31' title='bbox 275 591 530 657; x_wconf 80' lang='lat' dir='ltr'><strong>Atheniensibus</strong></span> <span class='ocrx_word' id='word_1_32' title='bbox 544 593 672 677; x_wconf 90' lang='lat' dir='ltr'><strong>imperii</strong></span> <span class='ocrx_word' id='word_1_33' title='bbox 687 593 845 656; x_wconf 84' lang='lat' dir='ltr'><strong>maritimi</strong></span> <span class='ocrx_word' id='word_1_34' title='bbox 857 594 1076 677; x_wconf 84' lang='lat' dir='ltr'><strong>principatum</strong></span> 
     </span>
     <span class='ocr_line' id='line_1_6' title="bbox 69 681 1076 767; baseline -0.001 -20"><span class='ocrx_word' id='word_1_35' title='bbox 69 683 312 764; x_wconf 75' lang='lat' dir='ltr'><strong>concesserunt,</strong></span> <span class='ocrx_word' id='word_1_36' title='bbox 339 702 515 764; x_wconf 89' lang='lat' dir='ltr'><strong>pacemque</strong></span> <span class='ocrx_word' id='word_1_37' title='bbox 542 681 584 744; x_wconf 91' lang='lat' dir='ltr'><strong>iis</strong></span> <span class='ocrx_word' id='word_1_38' title='bbox 607 682 735 767; x_wconf 83' lang='lat' dir='ltr'><strong>legibus</strong></span> <span class='ocrx_word' id='word_1_39' title='bbox 760 682 1012 765; x_wconf 80' lang='lat' dir='ltr'><strong>constituerrmt,</strong></span> <span class='ocrx_word' id='word_1_40' title='bbox 1038 687 1076 746; x_wconf 94' lang='lat' dir='ltr'><strong>ut</strong></span> 
     </span>
     <span class='ocr_line' id='line_1_7' title="bbox 67 768 1074 853; baseline 0 -19"><span class='ocrx_word' id='word_1_41' title='bbox 67 769 287 834; x_wconf 84' lang='lat' dir='ltr'><strong>Athenienses</strong></span> <span class='ocrx_word' id='word_1_42' title='bbox 312 769 393 832; x_wconf 90' lang='lat' dir='ltr'><strong>mari</strong></span> <span class='ocrx_word' id='word_1_43' title='bbox 416 768 513 833; x_wconf 86' lang='lat' dir='ltr'><strong>duces</strong></span> <span class='ocrx_word' id='word_1_44' title='bbox 536 774 653 834; x_wconf 86' lang='lat' dir='ltr'><strong>essent.</strong></span> <span class='ocrx_word' id='word_1_45' title='bbox 699 791 781 853; x_wconf 92' lang='lat' dir='ltr'><strong>quae</strong></span> <span class='ocrx_word' id='word_1_46' title='bbox 804 770 941 835; x_wconf 80' lang='lat' dir='ltr'><strong>victoria</strong></span> <span class='ocrx_word' id='word_1_47' title='bbox 964 773 1074 834; x_wconf 88' lang='lat' dir='ltr'><strong>tantae</strong></span> 
     </span>
     <span class='ocr_line' id='line_1_8' title="bbox 67 856 1075 942; baseline -0.002 -18"><span class='ocrx_word' id='word_1_48' title='bbox 67 857 132 924; x_wconf 82' lang='lat' dir='ltr'><strong>tuit</strong></span> <span class='ocrx_word' id='word_1_49' title='bbox 146 857 268 922; x_wconf 89' lang='lat' dir='ltr'><strong>Atticis</strong></span> <span class='ocrx_word' id='word_1_50' title='bbox 287 856 442 941; x_wconf 91' lang='lat' dir='ltr'><strong>laetitiae,</strong></span> <span class='ocrx_word' id='word_1_51' title='bbox 460 860 498 922; x_wconf 92' lang='lat' dir='ltr'><strong>ut</strong></span> <span class='ocrx_word' id='word_1_52' title='bbox 516 860 587 922; x_wconf 93' lang='lat' dir='ltr'><strong>tum</strong></span> <span class='ocrx_word' id='word_1_53' title='bbox 604 858 746 941; x_wconf 93' lang='lat' dir='ltr'><strong>primum</strong></span> <span class='ocrx_word' id='word_1_54' title='bbox 765 879 839 923; x_wconf 86' lang='lat' dir='ltr'><strong>arae</strong></span> <span class='ocrx_word' id='word_1_55' title='bbox 853 858 931 923; x_wconf 91' lang='lat' dir='ltr'><strong>Paci</strong></span> <span class='ocrx_word' id='word_1_56' title='bbox 946 858 1075 942; x_wconf 92' lang='lat' dir='ltr'><strong>publice</strong></span> 
     </span>
     <span class='ocr_line' id='line_1_9' title="bbox 69 945 1109 1028; baseline -0.002 -17"><span class='ocrx_word' id='word_1_57' title='bbox 69 948 138 1012; x_wconf 90' lang='lat' dir='ltr'><strong>sint</strong></span> <span class='ocrx_word' id='word_1_58' title='bbox 160 945 265 1010; x_wconf 87' lang='lat' dir='ltr'><strong>factae</strong></span> <span class='ocrx_word' id='word_1_59' title='bbox 288 945 381 1028; x_wconf 92' lang='lat' dir='ltr'><strong>eique</strong></span> <span class='ocrx_word' id='word_1_60' title='bbox 404 945 481 1009; x_wconf 88' lang='lat' dir='ltr'><strong>deae</strong></span> <span class='ocrx_word' id='word_1_61' title='bbox 503 946 653 1028; x_wconf 85' lang='lat' dir='ltr'><strong>pulvinar</strong></span> <span class='ocrx_word' id='word_1_62' title='bbox 676 947 720 1011; x_wconf 91' lang='lat' dir='ltr'><strong>sit</strong></span> <span class='ocrx_word' id='word_1_63' title='bbox 741 947 939 1011; x_wconf 90' lang='lat' dir='ltr'><strong>institutum.</strong></span> <span class='ocrx_word' id='word_1_64' title='bbox 985 946 1109 1011; x_wconf 83' lang='lat' dir='ltr'><strong>cuiusa</strong></span> 
     </span>
     <span class='ocr_line' id='line_1_10' title="bbox 69 1033 1074 1118; baseline -0.001 -19"><span class='ocrx_word' id='word_1_65' title='bbox 69 1034 175 1099; x_wconf 87' lang='lat' dir='ltr'><strong>laudis</strong></span> <span class='ocrx_word' id='word_1_66' title='bbox 193 1036 232 1097; x_wconf 94' lang='lat' dir='ltr'><strong>ut</strong></span> <span class='ocrx_word' id='word_1_67' title='bbox 249 1033 406 1097; x_wconf 87' lang='lat' dir='ltr'><strong>memoria</strong></span> <span class='ocrx_word' id='word_1_68' title='bbox 423 1037 577 1118; x_wconf 90' lang='lat' dir='ltr'><strong>maneret,</strong></span> <span class='ocrx_word' id='word_1_69' title='bbox 596 1033 766 1099; x_wconf 82' lang='lat' dir='ltr'><strong>Timotheo</strong></span> <span class='ocrx_word' id='word_1_70' title='bbox 785 1036 914 1118; x_wconf 93' lang='lat' dir='ltr'><strong>publice</strong></span> <span class='ocrx_word' id='word_1_71' title='bbox 931 1039 1074 1100; x_wconf 89' lang='lat' dir='ltr'><strong>statuam</strong></span> 
     </span>
     <span class='ocr_line' id='line_1_11' title="bbox 68 1122 1073 1206; baseline -0.001 -19"><span class='ocrx_word' id='word_1_72' title='bbox 68 1123 105 1187; x_wconf 91' lang='lat' dir='ltr'><strong>in</strong></span> <span class='ocrx_word' id='word_1_73' title='bbox 122 1122 193 1188; x_wconf 88' lang='lat' dir='ltr'><strong>foro</strong></span> <span class='ocrx_word' id='word_1_74' title='bbox 212 1125 399 1206; x_wconf 90' lang='lat' dir='ltr'><strong>posuerunt.</strong></span> <span class='ocrx_word' id='word_1_75' title='bbox 434 1122 490 1205; x_wconf 90' lang='lat' dir='ltr'><strong>qui</strong></span> <span class='ocrx_word' id='word_1_76' title='bbox 508 1122 612 1187; x_wconf 89' lang='lat' dir='ltr'><strong>honos</strong></span> <span class='ocrx_word' id='word_1_77' title='bbox 631 1123 706 1188; x_wconf 91' lang='lat' dir='ltr'><strong>huic</strong></span> <span class='ocrx_word' id='word_1_78' title='bbox 725 1123 781 1186; x_wconf 91' lang='lat' dir='ltr'><strong>uni</strong></span> <span class='ocrx_word' id='word_1_79' title='bbox 800 1128 875 1188; x_wconf 90' lang='lat' dir='ltr'><strong>ante</strong></span> <span class='ocrx_word' id='word_1_80' title='bbox 894 1124 927 1188; x_wconf 91' lang='lat' dir='ltr'><strong>id</strong></span> <span class='ocrx_word' id='word_1_81' title='bbox 945 1127 1073 1206; x_wconf 91' lang='lat' dir='ltr'><strong>tempus</strong></span> 
     </span>
     <span class='ocr_line' id='line_1_12' title="bbox 68 1211 1074 1296; baseline -0.002 -19"><span class='ocrx_word' id='word_1_82' title='bbox 68 1211 223 1296; x_wconf 83' lang='lat' dir='ltr'><strong>contigIt,</strong></span> <span class='ocrx_word' id='word_1_83' title='bbox 255 1212 306 1295; x_wconf 89' lang='lat' dir='ltr'><strong>ut,</strong></span> <span class='ocrx_word' id='word_1_84' title='bbox 339 1231 412 1273; x_wconf 87' lang='lat' dir='ltr'><strong>oum</strong></span> <span class='ocrx_word' id='word_1_85' title='bbox 438 1211 526 1293; x_wconf 89' lang='lat' dir='ltr'><strong>patri</strong></span> <span class='ocrx_word' id='word_1_86' title='bbox 559 1212 699 1294; x_wconf 89' lang='lat' dir='ltr'><strong>populus</strong></span> <span class='ocrx_word' id='word_1_87' title='bbox 728 1214 871 1276; x_wconf 89' lang='lat' dir='ltr'><strong>statuam</strong></span> <span class='ocrx_word' id='word_1_88' title='bbox 902 1212 1074 1296; x_wconf 81' lang='lat' dir='ltr'><strong>posuisset,</strong></span> 
     </span>
     <span class='ocr_line' id='line_1_13' title="bbox 68 1298 1074 1384; baseline 0.001 -21"><span class='ocrx_word' id='word_1_89' title='bbox 68 1300 137 1364; x_wconf 90' lang='lat' dir='ltr'><strong>filio</strong></span> <span class='ocrx_word' id='word_1_90' title='bbox 162 1319 289 1384; x_wconf 90' lang='lat' dir='ltr'><strong>quoque</strong></span> <span class='ocrx_word' id='word_1_91' title='bbox 313 1298 412 1362; x_wconf 89' lang='lat' dir='ltr'><strong>daret.</strong></span> <span class='ocrx_word' id='word_1_92' title='bbox 457 1298 503 1363; x_wconf 89' lang='lat' dir='ltr'><strong>sic</strong></span> <span class='ocrx_word' id='word_1_93' title='bbox 526 1298 617 1363; x_wconf 85' lang='lat' dir='ltr'><strong>iuxta</strong></span> <span class='ocrx_word' id='word_1_94' title='bbox 640 1300 750 1384; x_wconf 89' lang='lat' dir='ltr'><strong>posita</strong></span> <span class='ocrx_word' id='word_1_95' title='bbox 772 1321 882 1366; x_wconf 89' lang='lat' dir='ltr'><strong>recens</strong></span> <span class='ocrx_word' id='word_1_96' title='bbox 906 1301 966 1364; x_wconf 91' lang='lat' dir='ltr'><strong>filii</strong></span> <span class='ocrx_word' id='word_1_97' title='bbox 989 1304 1074 1366; x_wconf 85' lang='lat' dir='ltr'><strong>vete·</strong></span> 
     </span>
     <span class='ocr_line' id='line_1_14' title="bbox 69 1386 675 1470; baseline 0.002 -19"><span class='ocrx_word' id='word_1_98' title='bbox 69 1410 141 1452; x_wconf 92' lang='lat' dir='ltr'><strong>rem</strong></span> <span class='ocrx_word' id='word_1_99' title='bbox 162 1387 264 1470; x_wconf 88' lang='lat' dir='ltr'><strong>patris</strong></span> <span class='ocrx_word' id='word_1_100' title='bbox 288 1386 455 1451; x_wconf 82' lang='lat' dir='ltr'><strong>renovarit</strong></span> <span class='ocrx_word' id='word_1_101' title='bbox 478 1387 675 1453; x_wconf 89' lang='lat' dir='ltr'><strong>memoriam.</strong></span> 
     </span>
    </p>

    <p class='ocr_par' dir='ltr' id='par_1_3' title="bbox 62 1474 1112 2975">
     <span class='ocr_line' id='line_1_15' title="bbox 159 1474 1112 1563; baseline 0.005 -25"><span class='ocrx_word' id='word_1_102' title='bbox 159 1474 221 1540; x_wconf 91' lang='lat' dir='ltr'><strong>Hic</strong></span> <span class='ocrx_word' id='word_1_103' title='bbox 243 1497 317 1539; x_wconf 88' lang='lat' dir='ltr'><strong>oum</strong></span> <span class='ocrx_word' id='word_1_104' title='bbox 339 1477 425 1539; x_wconf 91' lang='lat' dir='ltr'><strong>esset</strong></span> <span class='ocrx_word' id='word_1_105' title='bbox 443 1496 562 1560; x_wconf 86' lang='lat' dir='ltr'><strong>magno</strong></span> <span class='ocrx_word' id='word_1_106' title='bbox 579 1481 660 1541; x_wconf 92' lang='lat' dir='ltr'><strong>natu</strong></span> <span class='ocrx_word' id='word_1_107' title='bbox 678 1481 712 1542; x_wconf 93' lang='lat' dir='ltr'><strong>et</strong></span> <span class='ocrx_word' id='word_1_108' title='bbox 730 1479 942 1563; x_wconf 79' lang='lat' dir='ltr'><strong>magistratus</strong></span> <span class='ocrx_word' id='word_1_109' title='bbox 962 1497 1073 1562; x_wconf 83' lang='lat' dir='ltr'><strong>gerere</strong></span> <span class='ocrx_word' id='word_1_110' title='bbox 1091 1478 1112 1543; x_wconf 85' lang='lat'>3</span> 
     </span>
     <span class='ocr_line' id='line_1_16' title="bbox 73 1562 1072 1649; baseline 0.001 -22"><span class='ocrx_word' id='word_1_111' title='bbox 73 1563 215 1648; x_wconf 87' lang='lat' dir='ltr'><strong>desisset,</strong></span> <span class='ocrx_word' id='word_1_112' title='bbox 236 1564 323 1628; x_wconf 92' lang='lat' dir='ltr'><strong>bello</strong></span> <span class='ocrx_word' id='word_1_113' title='bbox 342 1562 558 1628; x_wconf 83' lang='lat' dir='ltr'><strong>Athenienses</strong></span> <span class='ocrx_word' id='word_1_114' title='bbox 577 1565 718 1648; x_wconf 88' lang='lat' dir='ltr'><strong>undique</strong></span> <span class='ocrx_word' id='word_1_115' title='bbox 734 1566 839 1649; x_wconf 90' lang='lat' dir='ltr'><strong>premi</strong></span> <span class='ocrx_word' id='word_1_116' title='bbox 863 1569 939 1631; x_wconf 88' lang='lat' dir='ltr'><strong>sunt</strong></span> <span class='ocrx_word' id='word_1_117' title='bbox 958 1567 1072 1648; x_wconf 90' lang='lat' dir='ltr'><strong>coepti.</strong></span> 
     </span>
     <span class='ocr_line' id='line_1_17' title="bbox 70 1650 1072 1738; baseline -0.001 -22"><span class='ocrx_word' id='word_1_118' title='bbox 70 1651 230 1717; x_wconf 85' lang='lat' dir='ltr'><strong>defecerat</strong></span> <span class='ocrx_word' id='word_1_119' title='bbox 245 1650 370 1736; x_wconf 83' lang='lat' dir='ltr'><strong>Samus,</strong></span> <span class='ocrx_word' id='word_1_120' title='bbox 389 1651 546 1716; x_wconf 82' lang='lat' dir='ltr'><strong>descierat</strong></span> <span class='ocrx_word' id='word_1_121' title='bbox 559 1651 801 1738; x_wconf 89' lang='lat' dir='ltr'><strong>Hellespontus,</strong></span> <span class='ocrx_word' id='word_1_122' title='bbox 819 1653 991 1736; x_wconf 89' lang='lat' dir='ltr'><strong>Philippus</strong></span> <span class='ocrx_word' id='word_1_123' title='bbox 1007 1653 1072 1716; x_wconf 92' lang='lat' dir='ltr'><strong>iam</strong></span> 
     </span>
     <span class='ocr_line' id='line_1_18' title="bbox 68 1739 1072 1825; baseline -0.001 -20"><span class='ocrx_word' id='word_1_124' title='bbox 68 1744 140 1805; x_wconf 92' lang='lat' dir='ltr'><strong>tum</strong></span> <span class='ocrx_word' id='word_1_125' title='bbox 166 1741 277 1805; x_wconf 82' lang='lat' dir='ltr'><strong>valens</strong></span> <span class='ocrx_word' id='word_1_126' title='bbox 305 1740 409 1803; x_wconf 88' lang='lat' dir='ltr'><strong>multa</strong></span> <span class='ocrx_word' id='word_1_127' title='bbox 437 1740 645 1804; x_wconf 81' lang='lat' dir='ltr'><strong>moliebatur:</strong></span> <span class='ocrx_word' id='word_1_128' title='bbox 673 1742 724 1805; x_wconf 93' lang='lat' dir='ltr'><strong>cui</strong></span> <span class='ocrx_word' id='word_1_129' title='bbox 752 1743 922 1825; x_wconf 88' lang='lat' dir='ltr'><strong>oppositus</strong></span> <span class='ocrx_word' id='word_1_130' title='bbox 951 1739 1072 1805; x_wconf 82' lang='lat' dir='ltr'><strong>Chares</strong></span> 
     </span>
     <span class='ocr_line' id='line_1_19' title="bbox 67 1828 1107 1913; baseline -0.004 -18"><span class='ocrx_word' id='word_1_131' title='bbox 67 1852 142 1895; x_wconf 90' lang='lat' dir='ltr'><strong>cum</strong></span> <span class='ocrx_word' id='word_1_132' title='bbox 170 1832 268 1913; x_wconf 87' lang='lat' dir='ltr'><strong>esset,</strong></span> <span class='ocrx_word' id='word_1_133' title='bbox 297 1850 363 1892; x_wconf 94' lang='lat' dir='ltr'><strong>non</strong></span> <span class='ocrx_word' id='word_1_134' title='bbox 391 1828 470 1891; x_wconf 79' lang='lat' dir='ltr'><strong>satir</strong></span> <span class='ocrx_word' id='word_1_135' title='bbox 498 1828 533 1892; x_wconf 89' lang='lat' dir='ltr'><strong>in</strong></span> <span class='ocrx_word' id='word_1_136' title='bbox 559 1850 597 1893; x_wconf 92' lang='lat' dir='ltr'><strong>eo</strong></span> <span class='ocrx_word' id='word_1_137' title='bbox 624 1829 777 1912; x_wconf 90' lang='lat' dir='ltr'><strong>praesidii</strong></span> <span class='ocrx_word' id='word_1_138' title='bbox 803 1830 989 1913; x_wconf 88' lang='lat' dir='ltr'><strong>putabatur.</strong></span> <span class='ocrx_word' id='word_1_139' title='bbox 1034 1828 1107 1892; x_wconf 83' lang='lat' dir='ltr'><strong>fita</strong></span> 
     </span>
     <span class='ocr_line' id='line_1_20' title="bbox 65 1915 1072 2004; baseline -0.002 -22"><span class='ocrx_word' id='word_1_140' title='bbox 65 1917 276 1982; x_wconf 90' lang='lat' dir='ltr'><strong>Menestheus</strong></span> <span class='ocrx_word' id='word_1_141' title='bbox 298 1919 439 2000; x_wconf 90' lang='lat' dir='ltr'><strong>praetor,</strong></span> <span class='ocrx_word' id='word_1_142' title='bbox 462 1916 548 1980; x_wconf 88' lang='lat' dir='ltr'><strong>fflius</strong></span> <span class='ocrx_word' id='word_1_143' title='bbox 571 1915 754 2002; x_wconf 89' lang='lat' dir='ltr'><strong>Iphicratis,</strong></span> <span class='ocrx_word' id='word_1_144' title='bbox 779 1939 878 2004; x_wconf 84' lang='lat' dir='ltr'><strong>gener</strong></span> <span class='ocrx_word' id='word_1_145' title='bbox 900 1917 1072 2001; x_wconf 83' lang='lat' dir='ltr'><strong>Timothei,</strong></span> 
     </span>
     <span class='ocr_line' id='line_1_21' title="bbox 66 2005 1072 2088; baseline 0 -17"><span class='ocrx_word' id='word_1_146' title='bbox 66 2009 100 2072; x_wconf 93' lang='lat' dir='ltr'><strong>et</strong></span> <span class='ocrx_word' id='word_1_147' title='bbox 118 2009 157 2070; x_wconf 91' lang='lat' dir='ltr'><strong>ut</strong></span> <span class='ocrx_word' id='word_1_148' title='bbox 176 2006 216 2069; x_wconf 95' lang='lat' dir='ltr'><strong>ad</strong></span> <span class='ocrx_word' id='word_1_149' title='bbox 237 2005 360 2069; x_wconf 92' lang='lat' dir='ltr'><strong>bellum</strong></span> <span class='ocrx_word' id='word_1_150' title='bbox 381 2005 606 2088; x_wconf 88' lang='lat' dir='ltr'><strong>proficiscatur</strong></span> <span class='ocrx_word' id='word_1_151' title='bbox 629 2006 819 2071; x_wconf 87' lang='lat' dir='ltr'><strong>decernitur.</strong></span> <span class='ocrx_word' id='word_1_152' title='bbox 852 2007 928 2071; x_wconf 91' lang='lat' dir='ltr'><strong>huic</strong></span> <span class='ocrx_word' id='word_1_153' title='bbox 946 2007 981 2071; x_wconf 92' lang='lat' dir='ltr'><strong>in</strong></span> <span class='ocrx_word' id='word_1_154' title='bbox 1000 2028 1072 2071; x_wconf 87' lang='lat' dir='ltr'><strong>con-</strong></span> 
     </span>
     <span class='ocr_line' id='line_1_22' title="bbox 66 2094 1071 2180; baseline 0 -21"><span class='ocrx_word' id='word_1_155' title='bbox 66 2095 178 2160; x_wconf 91' lang='lat' dir='ltr'><strong>silium</strong></span> <span class='ocrx_word' id='word_1_156' title='bbox 204 2094 322 2157; x_wconf 91' lang='lat' dir='ltr'><strong>dantur</strong></span> <span class='ocrx_word' id='word_1_157' title='bbox 348 2094 410 2158; x_wconf 77' lang='lat' dir='ltr'><strong>otri</strong></span> <span class='ocrx_word' id='word_1_158' title='bbox 436 2094 499 2158; x_wconf 93' lang='lat' dir='ltr'><strong>duo</strong></span> <span class='ocrx_word' id='word_1_159' title='bbox 529 2116 590 2159; x_wconf 90' lang='lat' dir='ltr'><strong>usu</strong></span> <span class='ocrx_word' id='word_1_160' title='bbox 617 2096 839 2179; x_wconf 89' lang='lat' dir='ltr'><strong>sapientiaque</strong></span> <span class='ocrx_word' id='word_1_161' title='bbox 868 2099 1071 2180; x_wconf 89' lang='lat' dir='ltr'><strong>praestantes</strong></span> 
     </span>
     <span class='ocr_line' id='line_1_23' title="bbox 68 2181 1072 2268; baseline 0.001 -21"><span class='ocrx_word' id='word_1_162' title='bbox 68 2185 221 2266; x_wconf 90' lang='lat' dir='ltr'><strong>[quorum</strong></span> <span class='ocrx_word' id='word_1_163' title='bbox 245 2181 379 2246; x_wconf 88' lang='lat' dir='ltr'><strong>consilio</strong></span> <span class='ocrx_word' id='word_1_164' title='bbox 407 2185 580 2267; x_wconf 89' lang='lat' dir='ltr'><strong>uteretur],</strong></span> <span class='ocrx_word' id='word_1_165' title='bbox 609 2187 703 2267; x_wconf 92' lang='lat' dir='ltr'><strong>pater</strong></span> <span class='ocrx_word' id='word_1_166' title='bbox 730 2188 764 2248; x_wconf 92' lang='lat' dir='ltr'><strong>et</strong></span> <span class='ocrx_word' id='word_1_167' title='bbox 792 2205 896 2268; x_wconf 90' lang='lat' dir='ltr'><strong>socer,</strong></span> <span class='ocrx_word' id='word_1_168' title='bbox 925 2185 1011 2267; x_wconf 91' lang='lat' dir='ltr'><strong>quod</strong></span> <span class='ocrx_word' id='word_1_169' title='bbox 1037 2184 1072 2248; x_wconf 90' lang='lat' dir='ltr'><strong>in</strong></span> 
     </span>
     <span class='ocr_line' id='line_1_24' title="bbox 64 2271 1071 2356; baseline -0.002 -20"><span class='ocrx_word' id='word_1_170' title='bbox 64 2272 118 2336; x_wconf 89' lang='lat' dir='ltr'><strong>his</strong></span> <span class='ocrx_word' id='word_1_171' title='bbox 146 2274 240 2334; x_wconf 89' lang='lat' dir='ltr'><strong>tanta</strong></span> <span class='ocrx_word' id='word_1_172' title='bbox 267 2273 338 2334; x_wconf 91' lang='lat' dir='ltr'><strong>erat</strong></span> <span class='ocrx_word' id='word_1_173' title='bbox 365 2271 556 2355; x_wconf 88' lang='lat' dir='ltr'><strong>auctoritas,</strong></span> <span class='ocrx_word' id='word_1_174' title='bbox 587 2274 625 2335; x_wconf 91' lang='lat' dir='ltr'><strong>ut</strong></span> <span class='ocrx_word' id='word_1_175' title='bbox 652 2293 770 2356; x_wconf 85' lang='lat' dir='ltr'><strong>magna</strong></span> <span class='ocrx_word' id='word_1_176' title='bbox 799 2294 871 2355; x_wconf 89' lang='lat' dir='ltr'><strong>spes</strong></span> <span class='ocrx_word' id='word_1_177' title='bbox 900 2275 987 2336; x_wconf 88' lang='lat' dir='ltr'><strong>esset</strong></span> <span class='ocrx_word' id='word_1_178' title='bbox 1013 2293 1071 2354; x_wconf 89' lang='lat' dir='ltr'><strong>per</strong></span> 
     </span>
     <span class='ocr_line' id='line_1_25' title="bbox 62 2357 1105 2442; baseline -0.004 -16"><span class='ocrx_word' id='word_1_179' title='bbox 62 2382 122 2439; x_wconf 84' lang='lat' dir='ltr'><strong>eos</strong></span> <span class='ocrx_word' id='word_1_180' title='bbox 146 2360 266 2423; x_wconf 92' lang='lat' dir='ltr'><strong>amissa</strong></span> <span class='ocrx_word' id='word_1_181' title='bbox 287 2380 383 2442; x_wconf 90' lang='lat' dir='ltr'><strong>posse</strong></span> <span class='ocrx_word' id='word_1_182' title='bbox 406 2358 596 2442; x_wconf 89' lang='lat' dir='ltr'><strong>recuperari.</strong></span> <span class='ocrx_word' id='word_1_183' title='bbox 632 2360 656 2422; x_wconf 90' lang='lat' dir='ltr'><strong>ii</strong></span> <span class='ocrx_word' id='word_1_184' title='bbox 680 2381 752 2423; x_wconf 90' lang='lat' dir='ltr'><strong>cum</strong></span> <span class='ocrx_word' id='word_1_185' title='bbox 777 2357 910 2423; x_wconf 82' lang='lat' dir='ltr'><strong>Samum</strong></span> <span class='ocrx_word' id='word_1_186' title='bbox 932 2357 1070 2442; x_wconf 88' lang='lat' dir='ltr'><strong>profecti</strong></span> <span class='ocrx_word' id='word_1_187' title='bbox 1089 2375 1105 2422; x_wconf 86' lang='lat'><strong>3</strong></span> 
     </span>
     <span class='ocr_line' id='line_1_26' title="bbox 65 2445 1070 2532; baseline -0.004 -18"><span class='ocrx_word' id='word_1_188' title='bbox 65 2451 176 2514; x_wconf 90' lang='lat' dir='ltr'><strong>essent</strong></span> <span class='ocrx_word' id='word_1_189' title='bbox 199 2452 233 2512; x_wconf 92' lang='lat' dir='ltr'><strong>et</strong></span> <span class='ocrx_word' id='word_1_190' title='bbox 255 2447 367 2512; x_wconf 91' lang='lat' dir='ltr'><strong>eodem</strong></span> <span class='ocrx_word' id='word_1_191' title='bbox 387 2445 507 2511; x_wconf 82' lang='lat' dir='ltr'><strong>Chares</strong></span> <span class='ocrx_word' id='word_1_192' title='bbox 530 2447 662 2511; x_wconf 89' lang='lat' dir='ltr'><strong>illorum</strong></span> <span class='ocrx_word' id='word_1_193' title='bbox 685 2448 825 2512; x_wconf 84' lang='lat' dir='ltr'><strong>adventu</strong></span> <span class='ocrx_word' id='word_1_194' title='bbox 844 2447 975 2532; x_wconf 82' lang='lat' dir='ltr'><strong>cognito</strong></span> <span class='ocrx_word' id='word_1_195' title='bbox 997 2467 1070 2510; x_wconf 94' lang='lat' dir='ltr'><strong>cum</strong></span> 
     </span>
     <span class='ocr_line' id='line_1_27' title="bbox 66 2535 1070 2620; baseline -0.004 -18"><span class='ocrx_word' id='word_1_196' title='bbox 66 2537 134 2602; x_wconf 88' lang='lat' dir='ltr'><strong>suis</strong></span> <span class='ocrx_word' id='word_1_197' title='bbox 159 2536 260 2620; x_wconf 87' lang='lat' dir='ltr'><strong>copiis</strong></span> <span class='ocrx_word' id='word_1_198' title='bbox 283 2535 550 2619; x_wconf 89' lang='lat' dir='ltr'><strong>proficisceretur,</strong></span> <span class='ocrx_word' id='word_1_199' title='bbox 572 2557 612 2599; x_wconf 92' lang='lat' dir='ltr'><strong>ne</strong></span> <span class='ocrx_word' id='word_1_200' title='bbox 637 2535 714 2618; x_wconf 92' lang='lat' dir='ltr'><strong>quid</strong></span> <span class='ocrx_word' id='word_1_201' title='bbox 737 2537 869 2599; x_wconf 89' lang='lat' dir='ltr'><strong>absente</strong></span> <span class='ocrx_word' id='word_1_202' title='bbox 889 2556 922 2599; x_wconf 90' lang='lat' dir='ltr'><strong>se</strong></span> <span class='ocrx_word' id='word_1_203' title='bbox 941 2538 1070 2620; x_wconf 82' lang='lat' dir='ltr'><strong>gestum</strong></span> 
     </span>
     <span class='ocr_line' id='line_1_28' title="bbox 64 2623 1071 2708; baseline -0.002 -18"><span class='ocrx_word' id='word_1_204' title='bbox 64 2626 241 2708; x_wconf 82' lang='lat' dir='ltr'><strong>rideretur,</strong></span> <span class='ocrx_word' id='word_1_205' title='bbox 271 2624 400 2708; x_wconf 90' lang='lat' dir='ltr'><strong>accidit,</strong></span> <span class='ocrx_word' id='word_1_206' title='bbox 430 2645 503 2688; x_wconf 94' lang='lat' dir='ltr'><strong>cum</strong></span> <span class='ocrx_word' id='word_1_207' title='bbox 531 2623 571 2687; x_wconf 90' lang='lat' dir='ltr'><strong>ad</strong></span> <span class='ocrx_word' id='word_1_208' title='bbox 597 2623 738 2688; x_wconf 86' lang='lat' dir='ltr'><strong>insulam</strong></span> <span class='ocrx_word' id='word_1_209' title='bbox 765 2623 1071 2708; x_wconf 85' lang='lat' dir='ltr'><strong>appropinquarent,</strong></span> 
     </span>
     <span class='ocr_line' id='line_1_29' title="bbox 64 2712 1070 2798; baseline -0.002 -19"><span class='ocrx_word' id='word_1_210' title='bbox 64 2718 103 2779; x_wconf 90' lang='lat' dir='ltr'><strong>ut</strong></span> <span class='ocrx_word' id='word_1_211' title='bbox 126 2735 245 2798; x_wconf 87' lang='lat' dir='ltr'><strong>magna</strong></span> <span class='ocrx_word' id='word_1_212' title='bbox 267 2716 444 2796; x_wconf 86' lang='lat' dir='ltr'><strong>tempestas</strong></span> <span class='ocrx_word' id='word_1_213' title='bbox 468 2714 627 2776; x_wconf 90' lang='lat' dir='ltr'><strong>oreretur:</strong></span> <span class='ocrx_word' id='word_1_214' title='bbox 660 2734 757 2795; x_wconf 90' lang='lat' dir='ltr'><strong>quam</strong></span> <span class='ocrx_word' id='word_1_215' title='bbox 785 2713 906 2777; x_wconf 81' lang='lat' dir='ltr'><strong>evitare</strong></span> <span class='ocrx_word' id='word_1_216' title='bbox 933 2712 996 2777; x_wconf 92' lang='lat' dir='ltr'><strong>duo</strong></span> <span class='ocrx_word' id='word_1_217' title='bbox 1019 2735 1070 2777; x_wconf 85' lang='lat' dir='ltr'><strong>ve-</strong></span> 
     </span>
     <span class='ocr_line' id='line_1_30' title="bbox 67 2800 1069 2885; baseline -0.001 -19"><span class='ocrx_word' id='word_1_218' title='bbox 67 2806 152 2867; x_wconf 88' lang='lat' dir='ltr'><strong>teres</strong></span> <span class='ocrx_word' id='word_1_219' title='bbox 183 2803 395 2885; x_wconf 87' lang='lat' dir='ltr'><strong>imperatores</strong></span> <span class='ocrx_word' id='word_1_220' title='bbox 425 2800 506 2865; x_wconf 89' lang='lat' dir='ltr'><strong>utile</strong></span> <span class='ocrx_word' id='word_1_221' title='bbox 536 2801 685 2864; x_wconf 90' lang='lat' dir='ltr'><strong>arbitrati</strong></span> <span class='ocrx_word' id='word_1_222' title='bbox 714 2823 806 2866; x_wconf 91' lang='lat' dir='ltr'><strong>suam</strong></span> <span class='ocrx_word' id='word_1_223' title='bbox 834 2802 969 2866; x_wconf 87' lang='lat' dir='ltr'><strong>classem</strong></span> <span class='ocrx_word' id='word_1_224' title='bbox 997 2823 1069 2884; x_wconf 90' lang='lat' dir='ltr'><strong>sup-</strong></span> 
     </span>
     <span class='ocr_line' id='line_1_31' title="bbox 65 2888 1103 2975; baseline -0.002 -22"><span class='ocrx_word' id='word_1_225' title='bbox 65 2894 262 2975; x_wconf 83' lang='lat' dir='ltr'><strong>pressenmt.</strong></span> <span class='ocrx_word' id='word_1_226' title='bbox 303 2893 338 2953; x_wconf 90' lang='lat' dir='ltr'><strong>at</strong></span> <span class='ocrx_word' id='word_1_227' title='bbox 360 2890 416 2953; x_wconf 94' lang='lat' dir='ltr'><strong>ille</strong></span> <span class='ocrx_word' id='word_1_228' title='bbox 439 2888 612 2953; x_wconf 90' lang='lat' dir='ltr'><strong>temeraria</strong></span> <span class='ocrx_word' id='word_1_229' title='bbox 633 2911 710 2953; x_wconf 90' lang='lat' dir='ltr'><strong>usus</strong></span> <span class='ocrx_word' id='word_1_230' title='bbox 733 2889 859 2954; x_wconf 91' lang='lat' dir='ltr'><strong>ratione</strong></span> <span class='ocrx_word' id='word_1_231' title='bbox 881 2911 948 2954; x_wconf 90' lang='lat' dir='ltr'><strong>non</strong></span> <span class='ocrx_word' id='word_1_232' title='bbox 971 2890 1068 2953; x_wconf 89' lang='lat' dir='ltr'><strong>cessit</strong></span> <span class='ocrx_word' id='word_1_233' title='bbox 1088 2903 1103 2952; x_wconf 78' lang='grc'>4</span> 
     </span>
    </p>

    <p class='ocr_par' dir='ltr' id='par_1_4' title="bbox 43 2978 1101 3592">
     <span class='ocr_line' id='line_1_32' title="bbox 43 2978 1069 3062; baseline -0.004 -19"><span class='ocrx_word' id='word_1_234' title='bbox 43 2978 225 3044; x_wconf 90' lang='lat' dir='ltr'><strong>maiorum</strong></span> <span class='ocrx_word' id='word_1_235' title='bbox 251 2981 332 3042; x_wconf 91' lang='lat' dir='ltr'><strong>natu</strong></span> <span class='ocrx_word' id='word_1_236' title='bbox 359 2978 561 3062; x_wconf 88' lang='lat' dir='ltr'><strong>auctoritati,</strong></span> <span class='ocrx_word' id='word_1_237' title='bbox 592 2978 682 3042; x_wconf 83' lang='lat' dir='ltr'><strong>velut</strong></span> <span class='ocrx_word' id='word_1_238' title='bbox 710 2978 745 3042; x_wconf 90' lang='lat' dir='ltr'><strong>in</strong></span> <span class='ocrx_word' id='word_1_239' title='bbox 773 3000 831 3042; x_wconf 92' lang='lat' dir='ltr'><strong>sua</strong></span> <span class='ocrx_word' id='word_1_240' title='bbox 858 3000 955 3042; x_wconf 91' lang='lat' dir='ltr'><strong>manu</strong></span> <span class='ocrx_word' id='word_1_241' title='bbox 983 2979 1069 3040; x_wconf 89' lang='lat' dir='ltr'><strong>esset</strong></span> 
     </span>
     <span class='ocr_line' id='line_1_33' title="bbox 62 3066 1069 3150; baseline -0.004 -18"><span class='ocrx_word' id='word_1_242' title='bbox 62 3067 204 3134; x_wconf 86' lang='lat' dir='ltr'><strong>fortuna.</strong></span> <span class='ocrx_word' id='word_1_243' title='bbox 250 3088 312 3149; x_wconf 90' lang='lat' dir='ltr'><strong>quo</strong></span> <span class='ocrx_word' id='word_1_244' title='bbox 337 3067 559 3150; x_wconf 90' lang='lat' dir='ltr'><strong>contenderat,</strong></span> <span class='ocrx_word' id='word_1_245' title='bbox 580 3066 741 3150; x_wconf 81' lang='lat' dir='ltr'><strong>pervenit,</strong></span> <span class='ocrx_word' id='word_1_246' title='bbox 764 3067 939 3148; x_wconf 90' lang='lat' dir='ltr'><strong>eodemque</strong></span> <span class='ocrx_word' id='word_1_247' title='bbox 961 3068 999 3128; x_wconf 92' lang='lat' dir='ltr'><strong>ut</strong></span> <span class='ocrx_word' id='word_1_248' title='bbox 1022 3086 1069 3128; x_wconf 87' lang='lat' dir='ltr'><strong>se-</strong></span> 
     </span>
     <span class='ocr_line' id='line_1_34' title="bbox 64 3152 1068 3241; baseline -0.006 -20"><span class='ocrx_word' id='word_1_249' title='bbox 64 3159 249 3241; x_wconf 87' lang='lat' dir='ltr'><strong>querentur,</strong></span> <span class='ocrx_word' id='word_1_250' title='bbox 268 3154 308 3217; x_wconf 94' lang='lat' dir='ltr'><strong>ad</strong></span> <span class='ocrx_word' id='word_1_251' title='bbox 322 3153 528 3219; x_wconf 85' lang='lat' dir='ltr'><strong>Timotheum</strong></span> <span class='ocrx_word' id='word_1_252' title='bbox 547 3158 580 3218; x_wconf 92' lang='lat' dir='ltr'><strong>et</strong></span> <span class='ocrx_word' id='word_1_253' title='bbox 598 3153 783 3237; x_wconf 90' lang='lat' dir='ltr'><strong>Iphicraten</strong></span> <span class='ocrx_word' id='word_1_254' title='bbox 800 3154 951 3218; x_wconf 89' lang='lat' dir='ltr'><strong>nuntium</strong></span> <span class='ocrx_word' id='word_1_255' title='bbox 969 3152 1068 3216; x_wconf 91' lang='lat' dir='ltr'><strong>misit.</strong></span> 
     </span>
     <span class='ocr_line' id='line_1_35' title="bbox 61 3242 1068 3327; baseline -0.006 -16"><span class='ocrx_word' id='word_1_256' title='bbox 61 3245 139 3311; x_wconf 85' lang='lat' dir='ltr'><strong>hiuc</strong></span> <span class='ocrx_word' id='word_1_257' title='bbox 162 3245 246 3309; x_wconf 89' lang='lat' dir='ltr'><strong>male</strong></span> <span class='ocrx_word' id='word_1_258' title='bbox 269 3264 304 3306; x_wconf 91' lang='lat' dir='ltr'><strong>re</strong></span> <span class='ocrx_word' id='word_1_259' title='bbox 331 3245 437 3327; x_wconf 84' lang='lat' dir='ltr'><strong>gesta,</strong></span> <span class='ocrx_word' id='word_1_260' title='bbox 464 3243 685 3327; x_wconf 89' lang='lat' dir='ltr'><strong>compluribus</strong></span> <span class='ocrx_word' id='word_1_261' title='bbox 709 3242 837 3306; x_wconf 91' lang='lat' dir='ltr'><strong>amissis</strong></span> <span class='ocrx_word' id='word_1_262' title='bbox 860 3242 997 3306; x_wconf 84' lang='lat' dir='ltr'><strong>navibus</strong></span> <span class='ocrx_word' id='word_1_263' title='bbox 1021 3262 1068 3323; x_wconf 92' lang='lat' dir='ltr'><strong>eo,</strong></span> 
     </span>
     <span class='ocr_line' id='line_1_36' title="bbox 61 3328 1066 3414; baseline -0.008 -15"><span class='ocrx_word' id='word_1_264' title='bbox 61 3334 146 3399; x_wconf 90' lang='lat' dir='ltr'><strong>unde</strong></span> <span class='ocrx_word' id='word_1_265' title='bbox 175 3336 245 3396; x_wconf 88' lang='lat' dir='ltr'><strong>erat</strong></span> <span class='ocrx_word' id='word_1_266' title='bbox 271 3329 450 3414; x_wconf 85' lang='lat' dir='ltr'><strong>profectus,</strong></span> <span class='ocrx_word' id='word_1_267' title='bbox 480 3353 514 3395; x_wconf 87' lang='lat' dir='ltr'><strong>se</strong></span> <span class='ocrx_word' id='word_1_268' title='bbox 546 3332 668 3414; x_wconf 90' lang='lat' dir='ltr'><strong>recepit</strong></span> <span class='ocrx_word' id='word_1_269' title='bbox 699 3330 892 3412; x_wconf 88' lang='lat' dir='ltr'><strong>litterasque</strong></span> <span class='ocrx_word' id='word_1_270' title='bbox 920 3328 1066 3392; x_wconf 90' lang='lat' dir='ltr'><strong>Athenas</strong></span> 
     </span>
     <span class='ocr_line' id='line_1_37' title="bbox 61 3416 1068 3506; baseline -0.007 -19"><span class='ocrx_word' id='word_1_271' title='bbox 61 3421 191 3506; x_wconf 90' lang='lat' dir='ltr'><strong>publice</strong></span> <span class='ocrx_word' id='word_1_272' title='bbox 214 3419 314 3504; x_wconf 88' lang='lat' dir='ltr'><strong>misit,</strong></span> <span class='ocrx_word' id='word_1_273' title='bbox 337 3417 400 3483; x_wconf 88' lang='lat' dir='ltr'><strong>sibi</strong></span> <span class='ocrx_word' id='word_1_274' title='bbox 422 3419 565 3501; x_wconf 86' lang='lat' dir='ltr'><strong>proclive</strong></span> <span class='ocrx_word' id='word_1_275' title='bbox 587 3419 687 3483; x_wconf 89' lang='lat' dir='ltr'><strong>fuisse</strong></span> <span class='ocrx_word' id='word_1_276' title='bbox 707 3416 840 3482; x_wconf 82' lang='lat' dir='ltr'><strong>Samum</strong></span> <span class='ocrx_word' id='word_1_277' title='bbox 864 3439 985 3501; x_wconf 89' lang='lat' dir='ltr'><strong>capere,</strong></span> <span class='ocrx_word' id='word_1_278' title='bbox 1003 3417 1068 3481; x_wconf 92' lang='lat' dir='ltr'><strong>nisi</strong></span> 
     </span>
     <span class='ocr_line' id='line_1_38' title="bbox 61 3506 1101 3592; baseline -0.004 -18"><span class='ocrx_word' id='word_1_279' title='bbox 61 3533 81 3574; x_wconf 90' lang='lat' dir='ltr'><strong>a</strong></span> <span class='ocrx_word' id='word_1_280' title='bbox 99 3509 271 3575; x_wconf 89' lang='lat' dir='ltr'><strong>Timotheo</strong></span> <span class='ocrx_word' id='word_1_281' title='bbox 290 3512 324 3573; x_wconf 91' lang='lat' dir='ltr'><strong>et</strong></span> <span class='ocrx_word' id='word_1_282' title='bbox 341 3506 505 3591; x_wconf 88' lang='lat' dir='ltr'><strong>Iphicrate</strong></span> <span class='ocrx_word' id='word_1_283' title='bbox 524 3507 669 3572; x_wconf 91' lang='lat' dir='ltr'><strong>desertus</strong></span> <span class='ocrx_word' id='word_1_284' title='bbox 693 3509 787 3570; x_wconf 88' lang='lat' dir='ltr'><strong>esset.</strong></span> <span class='ocrx_word' id='word_1_285' title='bbox 822 3506 962 3590; x_wconf 88' lang='lat' dir='ltr'><strong>populus</strong></span> <span class='ocrx_word' id='word_1_286' title='bbox 985 3528 1066 3592; x_wconf 90' lang='lat' dir='ltr'><strong>acer,</strong></span> <span class='ocrx_word' id='word_1_287' title='bbox 1085 3523 1101 3570; x_wconf 81' lang='lat' dir='ltr'><strong>o</strong></span> 
     </span>
    </p>
   </div>
   <div class='ocr_carea' id='block_1_3' title="bbox 0 0 1268 4042">
    <p class='ocr_par' dir='ltr' id='par_1_5' title="bbox 0 0 1268 4042">
     <span class='ocr_line' id='line_1_39' title="bbox 0 0 1268 4042; baseline 0 2"><span class='ocrx_word' id='word_1_288' title='bbox 0 0 1268 4042; x_wconf 95' lang='lat' dir='ltr'><strong> </strong></span> 
     </span>
    </p>
   </div>
  </div>
 </body>
</html>
